<?xml version="1.0" encoding="UTF-8"?>
<!DOCTYPE html PUBLIC "-//W3C//DTD XHTML 1.0 Transitional//EN"
    "http://www.w3.org/TR/xhtml1/DTD/xhtml1-transitional.dtd">
<html xmlns="http://www.w3.org/1999/xhtml" xml:lang="en" lang="en">
 <head>
  <title>
</title>
<meta http-equiv="Content-Type" content="text/html;charset=utf-8" />
  <meta name='ocr-system' content='tesseract 3.04.00' />
  <meta name='ocr-capabilities' content='ocr_page ocr_carea ocr_par ocr_line ocrx_word'/>
</head>
<body>
  <div class='ocr_page' id='page_1' title='image "./waltramiutvidet00schwgoog_0099.png"; bbox 0 0 2812 4830; ppageno 0'>
   <div class='ocr_carea' id='block_1_1' title="bbox 224 327 1157 384">
    <p class='ocr_par' dir='ltr' id='par_1_1' title="bbox 224 327 1157 384">
     <span class='ocr_line' id='line_1_1' title="bbox 224 327 1157 384; baseline -0.003 -1"><span class='ocrx_word' id='word_1_1' title='bbox 224 333 259 383; x_wconf 80' lang='grc'>72</span> <span class='ocrx_word' id='word_1_2' title='bbox 406 332 457 384; x_wconf 83' lang='lat' dir='ltr'>DE</span> <span class='ocrx_word' id='word_1_3' title='bbox 476 330 634 382; x_wconf 81' lang='lat' dir='ltr'>UNlTATE</span> <span class='ocrx_word' id='word_1_4' title='bbox 653 328 858 380; x_wconf 74' lang='lat' dir='ltr'>nccnsslsn</span> <span class='ocrx_word' id='word_1_5' title='bbox 880 327 1157 381; x_wconf 81' lang='lat' dir='ltr'>CONSERVANDA.</span> 
     </span>
    </p>
   </div>
   <div class='ocr_carea' id='block_1_2' title="bbox 67 495 1350 3599">
    <p class='ocr_par' dir='ltr' id='par_1_2' title="bbox 195 495 1343 585">
     <span class='ocr_line' id='line_1_2' title="bbox 195 495 1343 585; baseline -0.002 -19"><span class='ocrx_word' id='word_1_6' title='bbox 195 528 199 533; x_wconf 88' lang='lat'>·</span> <span class='ocrx_word' id='word_1_7' title='bbox 225 511 358 567; x_wconf 85' lang='lat' dir='ltr'>octavus</span> <span class='ocrx_word' id='word_1_8' title='bbox 369 513 391 582; x_wconf 85' lang='lat'>¹,</span> <span class='ocrx_word' id='word_1_9' title='bbox 413 508 446 563; x_wconf 90' lang='lat' dir='ltr'>et</span> <span class='ocrx_word' id='word_1_10' title='bbox 466 521 506 563; x_wconf 91' lang='lat' dir='ltr'>ne</span> <span class='ocrx_word' id='word_1_11' title='bbox 528 495 633 562; x_wconf 88' lang='lat' dir='ltr'>adhue</span> <span class='ocrx_word' id='word_1_12' title='bbox 656 496 785 585; x_wconf 91' lang='lat' dir='ltr'>quidem</span> <span class='ocrx_word' id='word_1_13' title='bbox 804 503 930 560; x_wconf 89' lang='lat' dir='ltr'>cessant</span> <span class='ocrx_word' id='word_1_14' title='bbox 950 495 1125 581; x_wconf 78' lang='lat' dir='ltr'>participes</span> <span class='ocrx_word' id='word_1_15' title='bbox 1141 495 1343 564; x_wconf 88' lang='lat' dir='ltr'>Hildebranti</span> 
     </span>
    </p>

    <p class='ocr_par' dir='ltr' id='par_1_3' title="bbox 90 577 1344 933">
     <span class='ocr_line' id='line_1_3' title="bbox 90 577 1344 663; baseline -0.002 -13"><span class='ocrx_word' id='word_1_16' title='bbox 90 594 93 599; x_wconf 83' lang='grc'><strong><em>’</em></strong></span> <span class='ocrx_word' id='word_1_17' title='bbox 226 585 354 650; x_wconf 88' lang='lat' dir='ltr'>studere</span> <span class='ocrx_word' id='word_1_18' title='bbox 386 582 491 646; x_wconf 90' lang='lat' dir='ltr'>modis</span> <span class='ocrx_word' id='word_1_19' title='bbox 525 583 681 663; x_wconf 91' lang='lat' dir='ltr'>omnibus,</span> <span class='ocrx_word' id='word_1_20' title='bbox 719 591 754 645; x_wconf 88' lang='lat' dir='ltr'>ut</span> <span class='ocrx_word' id='word_1_21' title='bbox 785 603 850 645; x_wconf 93' lang='lat' dir='ltr'>non</span> <span class='ocrx_word' id='word_1_22' title='bbox 881 577 999 644; x_wconf 83' lang='lat' dir='ltr'>habeat</span> <span class='ocrx_word' id='word_1_23' title='bbox 1030 580 1178 645; x_wconf 85' lang='lat' dir='ltr'>Romana</span> <span class='ocrx_word' id='word_1_24' title='bbox 1214 581 1344 648; x_wconf 85' lang='lat' dir='ltr'>ecclesia</span> 
     </span>
     <span class='ocr_line' id='line_1_4' title="bbox 143 656 1344 753; baseline -0.002 -18"><span class='ocrx_word' id='word_1_25' title='bbox 143 656 145 662; x_wconf 36' lang='lat'><em>&#39;</em></span> <span class='ocrx_word' id='word_1_26' title='bbox 228 668 427 735; x_wconf 75' lang='lat' dir='ltr'>Clementem</span> <span class='ocrx_word' id='word_1_27' title='bbox 457 688 576 752; x_wconf 87' lang='lat' dir='ltr'>papam</span> <span class='ocrx_word' id='word_1_28' title='bbox 604 687 708 751; x_wconf 90' lang='lat' dir='ltr'>neque</span> <span class='ocrx_word' id='word_1_29' title='bbox 729 687 781 730; x_wconf 92' lang='lat' dir='ltr'>res</span> <span class='ocrx_word' id='word_1_30' title='bbox 802 663 934 751; x_wconf 91' lang='lat' dir='ltr'>publica</span> <span class='ocrx_word' id='word_1_31' title='bbox 961 663 1155 729; x_wconf 89' lang='lat' dir='ltr'>catholicum</span> <span class='ocrx_word' id='word_1_32' title='bbox 1177 667 1344 753; x_wconf 83' lang='lat' dir='ltr'>imperato</span> 
     </span>
     <span class='ocr_line' id='line_1_5' title="bbox 226 748 1344 835; baseline -0.002 -17"><span class='ocrx_word' id='word_1_33' title='bbox 226 775 306 835; x_wconf 87' lang='lat' dir='ltr'>rem,</span> <span class='ocrx_word' id='word_1_34' title='bbox 334 752 397 815; x_wconf 93' lang='lat' dir='ltr'>nisi</span> <span class='ocrx_word' id='word_1_35' title='bbox 418 751 615 816; x_wconf 90' lang='lat' dir='ltr'>Herimanno</span> <span class='ocrx_word' id='word_1_36' title='bbox 645 751 716 834; x_wconf 82' lang='lat' dir='ltr'>regi</span> <span class='ocrx_word' id='word_1_37' title='bbox 745 748 988 834; x_wconf 88' lang='lat' dir='ltr'>despectissimo</span> <span class='ocrx_word' id='word_1_38' title='bbox 1011 749 1165 816; x_wconf 81' lang='lat' dir='ltr'>succedat</span> <span class='ocrx_word' id='word_1_39' title='bbox 1186 749 1270 816; x_wconf 91' lang='lat' dir='ltr'>alius</span> <span class='ocrx_word' id='word_1_40' title='bbox 1290 773 1344 816; x_wconf 84' lang='lat' dir='ltr'>rex</span> 
     </span>
     <span class='ocr_line' id='line_1_6' title="bbox 227 831 1343 933; baseline -0.002 -30"><span class='ocrx_word' id='word_1_41' title='bbox 227 837 408 921; x_wconf 83' lang='lat' dir='ltr'>despectior</span> <span class='ocrx_word' id='word_1_42' title='bbox 433 834 499 917; x_wconf 90' lang='lat' dir='ltr'>illo,</span> <span class='ocrx_word' id='word_1_43' title='bbox 527 843 559 898; x_wconf 89' lang='lat' dir='ltr'>et</span> <span class='ocrx_word' id='word_1_44' title='bbox 587 834 649 897; x_wconf 89' lang='lat' dir='ltr'>nisi</span> <span class='ocrx_word' id='word_1_45' title='bbox 678 833 831 898; x_wconf 88' lang='lat' dir='ltr'>succedat</span> <span class='ocrx_word' id='word_1_46' title='bbox 853 834 948 897; x_wconf 84' lang='lat' dir='ltr'>etiam</span> <span class='ocrx_word' id='word_1_47' title='bbox 971 831 1126 898; x_wconf 90' lang='lat' dir='ltr'>catholico</span> <span class='ocrx_word' id='word_1_48' title='bbox 1149 856 1255 933; x_wconf 88' lang='lat' dir='ltr'>papae</span> <span class='ocrx_word' id='word_1_49' title='bbox 1279 835 1343 901; x_wconf 83' lang='lat' dir='ltr'>Ole-</span> 
     </span>
    </p>

    <p class='ocr_par' dir='ltr' id='par_1_4' title="bbox 227 916 1343 1001">
     <span class='ocr_line' id='line_1_7' title="bbox 227 916 1343 1001; baseline -0.003 -15"><span class='ocrx_word' id='word_1_50' title='bbox 227 922 326 986; x_wconf 93' lang='lat' dir='ltr'>menti</span> <span class='ocrx_word' id='word_1_51' title='bbox 352 919 394 983; x_wconf 89' lang='lat' dir='ltr'>ali</span> <span class='ocrx_word' id='word_1_52' title='bbox 417 920 467 983; x_wconf 90' lang='lat' dir='ltr'>uis</span> <span class='ocrx_word' id='word_1_53' title='bbox 497 919 666 1001; x_wconf 88' lang='lat' dir='ltr'>hereticus,</span> <span class='ocrx_word' id='word_1_54' title='bbox 693 919 775 981; x_wconf 91' lang='lat' dir='ltr'>sicut</span> <span class='ocrx_word' id='word_1_55' title='bbox 801 916 898 981; x_wconf 89' lang='lat' dir='ltr'>fuisse</span> <span class='ocrx_word' id='word_1_56' title='bbox 926 926 1121 981; x_wconf 87' lang='lat' dir='ltr'>monstratur</span> <span class='ocrx_word' id='word_1_57' title='bbox 1153 916 1208 983; x_wconf 89' lang='lat' dir='ltr'>rlle</span> <span class='ocrx_word' id='word_1_58' title='bbox 1243 918 1343 985; x_wconf 82' lang='lat' dir='ltr'>Cassi-</span> 
     </span>
    </p>

    <p class='ocr_par' dir='ltr' id='par_1_5' title="bbox 227 943 1344 1088">
     <span class='ocr_line' id='line_1_8' title="bbox 227 943 1344 1088; baseline -0.002 -18"><span class='ocrx_word' id='word_1_59' title='bbox 227 1006 348 1070; x_wconf 90' lang='lat' dir='ltr'>niensis</span> <span class='ocrx_word' id='word_1_60' title='bbox 362 943 463 1069; x_wconf 78' lang='lat' dir='ltr'>abbas</span> <span class='ocrx_word' id='word_1_61' title='bbox 479 1003 610 1088; x_wconf 82' lang='lat' dir='ltr'>Sergius</span> <span class='ocrx_word' id='word_1_62' title='bbox 620 1013 642 1083; x_wconf 81' lang='lat'>²,</span> <span class='ocrx_word' id='word_1_63' title='bbox 666 1004 721 1087; x_wconf 89' lang='lat' dir='ltr'>qui</span> <span class='ocrx_word' id='word_1_64' title='bbox 742 1011 816 1086; x_wconf 90' lang='lat' dir='ltr'>post</span> <span class='ocrx_word' id='word_1_65' title='bbox 831 1001 1058 1065; x_wconf 81' lang='lat' dir='ltr'>discessionem</span> <span class='ocrx_word' id='word_1_66' title='bbox 1080 1003 1287 1087; x_wconf 88' lang='lat' dir='ltr'>imperatoris</span> <span class='ocrx_word' id='word_1_67' title='bbox 1307 1028 1344 1070; x_wconf 88' lang='lat' dir='ltr'>ex</span> 
     </span>
    </p>

    <p class='ocr_par' dir='ltr' id='par_1_6' title="bbox 228 1083 1344 1258">
     <span class='ocr_line' id='line_1_9' title="bbox 228 1083 1344 1170; baseline -0.001 -16"><span class='ocrx_word' id='word_1_68' title='bbox 228 1088 321 1154; x_wconf 86' lang='lat' dir='ltr'>Italia</span> <span class='ocrx_word' id='word_1_69' title='bbox 344 1086 610 1152; x_wconf 88' lang='lat' dir='ltr'>subintroductus</span> <span class='ocrx_word' id='word_1_70' title='bbox 633 1098 690 1167; x_wconf 88' lang='lat' dir='ltr'>est,</span> <span class='ocrx_word' id='word_1_71' title='bbox 721 1097 753 1152; x_wconf 91' lang='lat' dir='ltr'>et</span> <span class='ocrx_word' id='word_1_72' title='bbox 774 1108 832 1170; x_wconf 91' lang='lat' dir='ltr'>per</span> <span class='ocrx_word' id='word_1_73' title='bbox 854 1083 959 1149; x_wconf 88' lang='lat' dir='ltr'>studia</span> <span class='ocrx_word' id='word_1_74' title='bbox 980 1086 1120 1170; x_wconf 89' lang='lat' dir='ltr'>partium</span> <span class='ocrx_word' id='word_1_75' title='bbox 1142 1085 1344 1154; x_wconf 90' lang='lat' dir='ltr'>Hildebranti</span> 
     </span>
     <span class='ocr_line' id='line_1_10' title="bbox 229 1169 1344 1258; baseline -0.001 -21"><span class='ocrx_word' id='word_1_76' title='bbox 229 1172 404 1254; x_wconf 85' lang='lat' dir='ltr'>ordinatus,</span> <span class='ocrx_word' id='word_1_77' title='bbox 427 1173 518 1236; x_wconf 91' lang='lat' dir='ltr'>cuius</span> <span class='ocrx_word' id='word_1_78' title='bbox 541 1169 663 1235; x_wconf 89' lang='lat' dir='ltr'>scilicet</span> <span class='ocrx_word' id='word_1_79' title='bbox 684 1171 813 1235; x_wconf 84' lang='lat' dir='ltr'>honoris</span> <span class='ocrx_word' id='word_1_80' title='bbox 835 1172 981 1254; x_wconf 87' lang='lat' dir='ltr'>rapinam</span> <span class='ocrx_word' id='word_1_81' title='bbox 1003 1191 1066 1232; x_wconf 93' lang='lat' dir='ltr'>non</span> <span class='ocrx_word' id='word_1_82' title='bbox 1090 1170 1344 1258; x_wconf 80' lang='lat' dir='ltr'>diuimpunitus</span> 
     </span>
    </p>

    <p class='ocr_par' dir='ltr' id='par_1_7' title="bbox 67 1254 1346 2098">
     <span class='ocr_line' id='line_1_11' title="bbox 228 1254 1342 1343; baseline -0.002 -20"><span class='ocrx_word' id='word_1_83' title='bbox 228 1258 340 1338; x_wconf 88' lang='lat' dir='ltr'>tenuit,</span> <span class='ocrx_word' id='word_1_84' title='bbox 369 1256 520 1342; x_wconf 91' lang='lat' dir='ltr'>quoniam</span> <span class='ocrx_word' id='word_1_85' title='bbox 550 1257 584 1319; x_wconf 93' lang='lat' dir='ltr'>in</span> <span class='ocrx_word' id='word_1_86' title='bbox 612 1257 683 1340; x_wconf 91' lang='lat' dir='ltr'>ipso</span> <span class='ocrx_word' id='word_1_87' title='bbox 712 1254 919 1319; x_wconf 83' lang='lat' dir='ltr'>ordinationis</span> <span class='ocrx_word' id='word_1_88' title='bbox 948 1273 1023 1316; x_wconf 92' lang='lat' dir='ltr'>suae</span> <span class='ocrx_word' id='word_1_89' title='bbox 1050 1255 1202 1338; x_wconf 85' lang='lat' dir='ltr'>ingressu</span> <span class='ocrx_word' id='word_1_90' title='bbox 1232 1256 1342 1343; x_wconf 87' lang='lat' dir='ltr'>dysen-</span> 
     </span>
     <span class='ocr_line' id='line_1_12' title="bbox 69 1337 1344 1425; baseline 0 -21"><span class='ocrx_word' id='word_1_91' title='bbox 69 1344 328 1412; x_wconf 81' lang='lat' dir='ltr'>rosr,nu.e.teriae</span> <span class='ocrx_word' id='word_1_92' title='bbox 357 1340 470 1404; x_wconf 89' lang='lat' dir='ltr'>morbo</span> <span class='ocrx_word' id='word_1_93' title='bbox 500 1337 622 1403; x_wconf 87' lang='lat' dir='ltr'>solutus</span> <span class='ocrx_word' id='word_1_94' title='bbox 651 1337 788 1402; x_wconf 87' lang='lat' dir='ltr'>deficere</span> <span class='ocrx_word' id='word_1_95' title='bbox 811 1359 867 1401; x_wconf 90' lang='lat' dir='ltr'>coe</span> <span class='ocrx_word' id='word_1_96' title='bbox 892 1339 926 1419; x_wconf 86' lang='lat' dir='ltr'>it,</span> <span class='ocrx_word' id='word_1_97' title='bbox 948 1358 987 1401; x_wconf 88' lang='lat' dir='ltr'>ac</span> <span class='ocrx_word' id='word_1_98' title='bbox 1009 1337 1105 1422; x_wconf 88' lang='lat' dir='ltr'>paulo</span> <span class='ocrx_word' id='word_1_99' title='bbox 1127 1350 1203 1423; x_wconf 90' lang='lat' dir='ltr'>post</span> <span class='ocrx_word' id='word_1_100' title='bbox 1225 1343 1344 1425; x_wconf 87' lang='lat' dir='ltr'>pericu-</span> 
     </span>
     <span class='ocr_line' id='line_1_13' title="bbox 111 1361 1344 1508; baseline 0 -20"><span class='ocrx_word' id='word_1_101' title='bbox 111 1423 296 1498; x_wconf 61' lang='lat' dir='ltr'>assulose</span> <span class='ocrx_word' id='word_1_102' title='bbox 317 1433 420 1488; x_wconf 90' lang='lat' dir='ltr'>morte</span> <span class='ocrx_word' id='word_1_103' title='bbox 442 1424 572 1503; x_wconf 87' lang='lat' dir='ltr'>interiit,</span> <span class='ocrx_word' id='word_1_104' title='bbox 596 1445 638 1485; x_wconf 87' lang='lat' dir='ltr'>ex</span> <span class='ocrx_word' id='word_1_105' title='bbox 654 1443 716 1508; x_wconf 92' lang='lat' dir='ltr'>quo</span> <span class='ocrx_word' id='word_1_106' title='bbox 732 1422 853 1487; x_wconf 88' lang='lat' dir='ltr'>scilicet</span> <span class='ocrx_word' id='word_1_107' title='bbox 868 1361 978 1486; x_wconf 74' lang='lat' dir='ltr'>divino</span> <span class='ocrx_word' id='word_1_108' title='bbox 1001 1422 1119 1486; x_wconf 88' lang='lat' dir='ltr'>iudicio</span> <span class='ocrx_word' id='word_1_109' title='bbox 1142 1425 1344 1490; x_wconf 83' lang='lat' dir='ltr'>manifestum</span> 
     </span>
     <span class='ocr_line' id='line_1_14' title="bbox 229 1505 1344 1654; baseline 0.001 -82"><span class='ocrx_word' id='word_1_110' title='bbox 229 1518 287 1591; x_wconf 87' lang='lat' dir='ltr'>est,</span> <span class='ocrx_word' id='word_1_111' title='bbox 336 1505 417 1571; x_wconf 88' lang='lat' dir='ltr'>ualis</span> <span class='ocrx_word' id='word_1_112' title='bbox 445 1507 541 1571; x_wconf 89' lang='lat' dir='ltr'>etiam</span> <span class='ocrx_word' id='word_1_113' title='bbox 568 1509 637 1605; x_wconf 88' lang='lat' dir='ltr'>ipse</span> <span class='ocrx_word' id='word_1_114' title='bbox 666 1507 771 1587; x_wconf 87' lang='lat' dir='ltr'>fuerit,</span> <span class='ocrx_word' id='word_1_115' title='bbox 798 1508 854 1654; x_wconf 50' lang='lat' dir='ltr'>pui</span> <span class='ocrx_word' id='word_1_116' title='bbox 880 1506 986 1570; x_wconf 87' lang='lat' dir='ltr'>adhuc</span> <span class='ocrx_word' id='word_1_117' title='bbox 1013 1506 1127 1590; x_wconf 89' lang='lat' dir='ltr'>procul</span> <span class='ocrx_word' id='word_1_118' title='bbox 1153 1508 1253 1574; x_wconf 90' lang='lat' dir='ltr'>dubio</span> <span class='ocrx_word' id='word_1_119' title='bbox 1276 1509 1344 1575; x_wconf 94' lang='lat' dir='ltr'>sub-</span> 
     </span>
     <span class='ocr_line' id='line_1_15' title="bbox 228 1530 1344 1672; baseline -0.002 -13"><span class='ocrx_word' id='word_1_120' title='bbox 228 1530 430 1659; x_wconf 75' lang='lat' dir='ltr'>introductus</span> <span class='ocrx_word' id='word_1_121' title='bbox 453 1600 510 1672; x_wconf 90' lang='lat' dir='ltr'>est,</span> <span class='ocrx_word' id='word_1_122' title='bbox 532 1600 568 1655; x_wconf 91' lang='lat' dir='ltr'>ut</span> <span class='ocrx_word' id='word_1_123' title='bbox 581 1589 729 1655; x_wconf 91' lang='lat' dir='ltr'>mcendia</span> <span class='ocrx_word' id='word_1_124' title='bbox 743 1589 799 1654; x_wconf 92' lang='lat' dir='ltr'>Hil</span> <span class='ocrx_word' id='word_1_125' title='bbox 824 1589 949 1655; x_wconf 86' lang='lat' dir='ltr'>ebranti</span> <span class='ocrx_word' id='word_1_126' title='bbox 970 1590 1035 1652; x_wconf 88' lang='lat' dir='ltr'>iam</span> <span class='ocrx_word' id='word_1_127' title='bbox 1050 1589 1193 1657; x_wconf 85' lang='lat' dir='ltr'>defuncti</span> <span class='ocrx_word' id='word_1_128' title='bbox 1214 1596 1344 1659; x_wconf 88' lang='lat' dir='ltr'>resusci-</span> 
     </span>
     <span class='ocr_line' id='line_1_16' title="bbox 229 1672 1345 1761; baseline 0.002 -20"><span class='ocrx_word' id='word_1_129' title='bbox 229 1684 312 1741; x_wconf 86' lang='lat' dir='ltr'>taret</span> <span class='ocrx_word' id='word_1_130' title='bbox 338 1686 370 1740; x_wconf 88' lang='lat' dir='ltr'>et</span> <span class='ocrx_word' id='word_1_131' title='bbox 397 1675 525 1740; x_wconf 88' lang='lat' dir='ltr'>hereses</span> <span class='ocrx_word' id='word_1_132' title='bbox 552 1684 647 1760; x_wconf 88' lang='lat' dir='ltr'>atque</span> <span class='ocrx_word' id='word_1_133' title='bbox 674 1676 826 1739; x_wconf 84' lang='lat' dir='ltr'>scismata</span> <span class='ocrx_word' id='word_1_134' title='bbox 853 1672 936 1738; x_wconf 91' lang='lat' dir='ltr'>illius</span> <span class='ocrx_word' id='word_1_135' title='bbox 966 1696 1007 1738; x_wconf 86' lang='lat' dir='ltr'>ex</span> <span class='ocrx_word' id='word_1_136' title='bbox 1033 1676 1113 1739; x_wconf 88' lang='lat' dir='ltr'>tanti</span> <span class='ocrx_word' id='word_1_137' title='bbox 1141 1678 1345 1761; x_wconf 87' lang='lat' dir='ltr'>pontificatus</span> 
     </span>
     <span class='ocr_line' id='line_1_17' title="bbox 231 1757 1346 1848; baseline 0.004 -23"><span class='ocrx_word' id='word_1_138' title='bbox 231 1761 420 1825; x_wconf 86' lang='lat' dir='ltr'>auctoritate</span> <span class='ocrx_word' id='word_1_139' title='bbox 449 1758 652 1824; x_wconf 90' lang='lat' dir='ltr'>confirmaret</span> <span class='ocrx_word' id='word_1_140' title='bbox 660 1769 684 1822; x_wconf 83' lang='lat'>³.</span> <span class='ocrx_word' id='word_1_141' title='bbox 737 1758 840 1844; x_wconf 84' lang='lat' dir='ltr'>Saepe</span> <span class='ocrx_word' id='word_1_142' title='bbox 873 1757 1003 1843; x_wconf 88' lang='lat' dir='ltr'>quidem</span> <span class='ocrx_word' id='word_1_143' title='bbox 1033 1769 1161 1824; x_wconf 85' lang='lat' dir='ltr'>satanas</span> <span class='ocrx_word' id='word_1_144' title='bbox 1193 1765 1346 1848; x_wconf 87' lang='lat' dir='ltr'>expetivit</span> 
     </span>
     <span class='ocr_line' id='line_1_18' title="bbox 67 1825 1346 1931; baseline 0.004 -23"><span class='ocrx_word' id='word_1_145' title='bbox 67 1825 214 1927; x_wconf 57' lang='lat' dir='ltr'>¹⁴³⁰&#39;Jgjffl&#39;</span> <span class='ocrx_word' id='word_1_146' title='bbox 230 1844 372 1928; x_wconf 85' lang='lat' dir='ltr'>Petrum,</span> <span class='ocrx_word' id='word_1_147' title='bbox 398 1852 434 1908; x_wconf 89' lang='lat' dir='ltr'>ut</span> <span class='ocrx_word' id='word_1_148' title='bbox 463 1844 618 1908; x_wconf 87' lang='lat' dir='ltr'>cribraret</span> <span class='ocrx_word' id='word_1_149' title='bbox 644 1845 727 1906; x_wconf 91' lang='lat' dir='ltr'>sicut</span> <span class='ocrx_word' id='word_1_150' title='bbox 753 1844 904 1906; x_wconf 89' lang='lat' dir='ltr'>triticum.</span> <span class='ocrx_word' id='word_1_151' title='bbox 947 1843 1015 1907; x_wconf 80' lang='lat' dir='ltr'>Sed</span> <span class='ocrx_word' id='word_1_152' title='bbox 1035 1866 1104 1930; x_wconf 75' lang='lat' dir='ltr'>epo,</span> <span class='ocrx_word' id='word_1_153' title='bbox 1136 1845 1223 1911; x_wconf 85' lang='lat' dir='ltr'>dixit</span> <span class='ocrx_word' id='word_1_154' title='bbox 1248 1849 1346 1931; x_wconf 76' lang='lat' dir='ltr'>Iesus,</span> 
     </span>
     <span class='ocr_line' id='line_1_19' title="bbox 230 1926 1345 2019; baseline 0.004 -27"><span class='ocrx_word' id='word_1_155' title='bbox 230 1932 349 2015; x_wconf 63' lang='lat' dir='ltr'>rogavi</span> <span class='ocrx_word' id='word_1_156' title='bbox 360 1950 424 2014; x_wconf 81' lang='lat' dir='ltr'>pro</span> <span class='ocrx_word' id='word_1_157' title='bbox 439 1937 477 2009; x_wconf 86' lang='lat' dir='ltr'>te,</span> <span class='ocrx_word' id='word_1_158' title='bbox 501 1937 617 1992; x_wconf 76' lang='lat' dir='ltr'>utnon</span> <span class='ocrx_word' id='word_1_159' title='bbox 632 1926 940 2009; x_wconf 80' lang='lat' dir='ltr'>deficiatfldestua‚</span> <span class='ocrx_word' id='word_1_160' title='bbox 962 1927 1062 1991; x_wconf 90' lang='lat' dir='ltr'>Petre.</span> <span class='ocrx_word' id='word_1_161' title='bbox 1094 1928 1213 1994; x_wconf 90' lang='lat' dir='ltr'>Petrus</span> <span class='ocrx_word' id='word_1_162' title='bbox 1229 1934 1345 2019; x_wconf 88' lang='lat' dir='ltr'>quippe</span> 
     </span>
     <span class='ocr_line' id='line_1_20' title="bbox 230 2010 1345 2098; baseline 0.002 -20"><span class='ocrx_word' id='word_1_163' title='bbox 230 2013 406 2078; x_wconf 88' lang='lat' dir='ltr'>ministerio</span> <span class='ocrx_word' id='word_1_164' title='bbox 429 2021 477 2076; x_wconf 90' lang='lat' dir='ltr'>est</span> <span class='ocrx_word' id='word_1_165' title='bbox 498 2010 653 2076; x_wconf 89' lang='lat' dir='ltr'>ecclesiae</span> <span class='ocrx_word' id='word_1_166' title='bbox 674 2033 771 2097; x_wconf 89' lang='lat' dir='ltr'>super</span> <span class='ocrx_word' id='word_1_167' title='bbox 791 2020 925 2094; x_wconf 87' lang='lat' dir='ltr'>petram,</span> <span class='ocrx_word' id='word_1_168' title='bbox 950 2011 1006 2096; x_wconf 88' lang='lat' dir='ltr'>qui</span> <span class='ocrx_word' id='word_1_169' title='bbox 1028 2010 1174 2077; x_wconf 86' lang='lat' dir='ltr'>Christus</span> <span class='ocrx_word' id='word_1_170' title='bbox 1196 2028 1256 2098; x_wconf 83' lang='lat' dir='ltr'>est,</span> <span class='ocrx_word' id='word_1_171' title='bbox 1280 2020 1345 2080; x_wconf 87' lang='lat' dir='ltr'>lim-</span> 
     </span>
    </p>

    <p class='ocr_par' dir='ltr' id='par_1_8' title="bbox 139 2081 1345 2182">
     <span class='ocr_line' id='line_1_21' title="bbox 139 2081 1345 2182; baseline 0.002 -20"><span class='ocrx_word' id='word_1_172' title='bbox 139 2081 220 2182; x_wconf 50' lang='lat' dir='ltr'>iffi}</span> <span class='ocrx_word' id='word_1_173' title='bbox 230 2098 334 2180; x_wconf 86' lang='lat' dir='ltr'>datae,</span> <span class='ocrx_word' id='word_1_174' title='bbox 367 2107 399 2162; x_wconf 84' lang='lat' dir='ltr'>et</span> <span class='ocrx_word' id='word_1_175' title='bbox 424 2097 540 2160; x_wconf 87' lang='lat' dir='ltr'>iccirco</span> <span class='ocrx_word' id='word_1_176' title='bbox 572 2102 693 2180; x_wconf 82' lang='lat' dir='ltr'>‘portae</span> <span class='ocrx_word' id='word_1_177' title='bbox 720 2093 813 2158; x_wconf 87' lang='lat' dir='ltr'>inferi</span> <span class='ocrx_word' id='word_1_178' title='bbox 840 2115 904 2158; x_wconf 93' lang='lat' dir='ltr'>non</span> <span class='ocrx_word' id='word_1_179' title='bbox 931 2095 1163 2180; x_wconf 84' lang='lat' dir='ltr'>praevalebunt</span> <span class='ocrx_word' id='word_1_180' title='bbox 1191 2100 1345 2165; x_wconf 87' lang='lat' dir='ltr'>adversus</span> 
     </span>
    </p>

    <p class='ocr_par' dir='ltr' id='par_1_9' title="bbox 69 2168 1349 2862">
     <span class='ocr_line' id='line_1_22' title="bbox 168 2168 1346 2267; baseline 0.003 -21"><span class='ocrx_word' id='word_1_181' title='bbox 168 2168 174 2193; x_wconf 78' lang='grc'><strong><em>’</em></strong></span> <span class='ocrx_word' id='word_1_182' title='bbox 215 2169 319 2264; x_wconf 63' lang='lat' dir='ltr'>&#39;eam&#39;,</span> <span class='ocrx_word' id='word_1_183' title='bbox 346 2181 496 2267; x_wconf 89' lang='lat' dir='ltr'>quoniam</span> <span class='ocrx_word' id='word_1_184' title='bbox 525 2181 596 2266; x_wconf 89' lang='lat' dir='ltr'>ipse</span> <span class='ocrx_word' id='word_1_185' title='bbox 619 2178 767 2244; x_wconf 83' lang='lat' dir='ltr'>Christus</span> <span class='ocrx_word' id='word_1_186' title='bbox 791 2200 887 2264; x_wconf 89' lang='lat' dir='ltr'>super</span> <span class='ocrx_word' id='word_1_187' title='bbox 910 2188 1010 2243; x_wconf 90' lang='lat' dir='ltr'>semet</span> <span class='ocrx_word' id='word_1_188' title='bbox 1034 2181 1140 2265; x_wconf 87' lang='lat' dir='ltr'>ipsum</span> <span class='ocrx_word' id='word_1_189' title='bbox 1168 2183 1346 2250; x_wconf 87' lang='lat' dir='ltr'>aedificavit</span> 
     </span>
     <span class='ocr_line' id='line_1_23' title="bbox 231 2261 1347 2354; baseline 0.004 -25"><span class='ocrx_word' id='word_1_190' title='bbox 231 2287 312 2347; x_wconf 90' lang='lat' dir='ltr'>eam,</span> <span class='ocrx_word' id='word_1_191' title='bbox 346 2274 443 2350; x_wconf 87' lang='lat' dir='ltr'>atque</span> <span class='ocrx_word' id='word_1_192' title='bbox 472 2263 546 2327; x_wconf 92' lang='lat' dir='ltr'>ideo</span> <span class='ocrx_word' id='word_1_193' title='bbox 573 2269 676 2327; x_wconf 85' lang='lat' dir='ltr'>‘nemo</span> <span class='ocrx_word' id='word_1_194' title='bbox 703 2273 810 2348; x_wconf 87' lang='lat' dir='ltr'>potest</span> <span class='ocrx_word' id='word_1_195' title='bbox 838 2261 925 2326; x_wconf 89' lang='lat' dir='ltr'>aliud</span> <span class='ocrx_word' id='word_1_196' title='bbox 951 2261 1195 2330; x_wconf 86' lang='lat' dir='ltr'>fundamentum</span> <span class='ocrx_word' id='word_1_197' title='bbox 1222 2271 1347 2354; x_wconf 88' lang='lat' dir='ltr'>ponere&#39;</span> 
     </span>
     <span class='ocr_line' id='line_1_24' title="bbox 254 2346 1347 2433; baseline 0.005 -20"><span class='ocrx_word' id='word_1_198' title='bbox 254 2357 455 2433; x_wconf 87' lang='lat' dir='ltr'>raeterquam</span> <span class='ocrx_word' id='word_1_199' title='bbox 477 2346 565 2433; x_wconf 91' lang='lat' dir='ltr'>quod</span> <span class='ocrx_word' id='word_1_200' title='bbox 586 2350 727 2432; x_wconf 91' lang='lat' dir='ltr'>positum</span> <span class='ocrx_word' id='word_1_201' title='bbox 744 2368 813 2411; x_wconf 89' lang='lat' dir='ltr'>esse</span> <span class='ocrx_word' id='word_1_202' title='bbox 835 2347 913 2410; x_wconf 92' lang='lat' dir='ltr'>dicit</span> <span class='ocrx_word' id='word_1_203' title='bbox 935 2349 1061 2432; x_wconf 87' lang='lat' dir='ltr'>sapiens</span> <span class='ocrx_word' id='word_1_204' title='bbox 1081 2347 1134 2413; x_wconf 91' lang='lat' dir='ltr'>ille</span> <span class='ocrx_word' id='word_1_205' title='bbox 1156 2351 1347 2418; x_wconf 88' lang='lat' dir='ltr'>architectus</span> 
     </span>
     <span class='ocr_line' id='line_1_25' title="bbox 69 2372 1349 2517; baseline 0.007 -23"><span class='ocrx_word' id='word_1_206' title='bbox 69 2372 351 2507; x_wconf 62' lang='lat' dir='ltr'>asersual&#39;aulus</span> <span class='ocrx_word' id='word_1_207' title='bbox 366 2429 539 2516; x_wconf 89' lang='lat' dir='ltr'>apostolus,</span> <span class='ocrx_word' id='word_1_208' title='bbox 561 2432 628 2517; x_wconf 85' lang='lat' dir='ltr'>‘qui</span> <span class='ocrx_word' id='word_1_209' title='bbox 646 2442 694 2496; x_wconf 90' lang='lat' dir='ltr'>est</span> <span class='ocrx_word' id='word_1_210' title='bbox 709 2429 855 2496; x_wconf 80' lang='lat' dir='ltr'>Christus</span> <span class='ocrx_word' id='word_1_211' title='bbox 869 2431 979 2512; x_wconf 88' lang='lat' dir='ltr'>Iesus&#39;,</span> <span class='ocrx_word' id='word_1_212' title='bbox 1001 2453 1074 2496; x_wconf 93' lang='lat' dir='ltr'>cum</span> <span class='ocrx_word' id='word_1_213' title='bbox 1097 2431 1233 2498; x_wconf 89' lang='lat' dir='ltr'>ecclesia</span> <span class='ocrx_word' id='word_1_214' title='bbox 1254 2437 1349 2502; x_wconf 87' lang='lat' dir='ltr'>huius</span> 
     </span>
     <span class='ocr_line' id='line_1_26' title="bbox 233 2515 1346 2609; baseline 0.006 -29"><span class='ocrx_word' id='word_1_215' title='bbox 233 2516 349 2601; x_wconf 88' lang='lat' dir='ltr'>capitis</span> <span class='ocrx_word' id='word_1_216' title='bbox 377 2516 419 2578; x_wconf 88' lang='lat' dir='ltr'>sit</span> <span class='ocrx_word' id='word_1_217' title='bbox 445 2535 570 2598; x_wconf 88' lang='lat' dir='ltr'>corpus,</span> <span class='ocrx_word' id='word_1_218' title='bbox 600 2536 642 2578; x_wconf 88' lang='lat' dir='ltr'>ex</span> <span class='ocrx_word' id='word_1_219' title='bbox 668 2515 759 2578; x_wconf 87' lang='lat' dir='ltr'>cuius</span> <span class='ocrx_word' id='word_1_220' title='bbox 786 2515 917 2579; x_wconf 89' lang='lat' dir='ltr'>unitatis</span> <span class='ocrx_word' id='word_1_221' title='bbox 945 2516 1096 2580; x_wconf 90' lang='lat' dir='ltr'>societate</span> <span class='ocrx_word' id='word_1_222' title='bbox 1118 2518 1265 2609; x_wconf 69' lang='lat' dir='ltr'>quisquis</span> <span class='ocrx_word' id='word_1_223' title='bbox 1287 2523 1346 2586; x_wconf 89' lang='lat' dir='ltr'>dis-</span> 
     </span>
     <span class='ocr_line' id='line_1_27' title="bbox 233 2596 1347 2685; baseline 0.007 -21"><span class='ocrx_word' id='word_1_224' title='bbox 233 2599 373 2680; x_wconf 81' lang='lat' dir='ltr'>cesserit,</span> <span class='ocrx_word' id='word_1_225' title='bbox 394 2598 480 2661; x_wconf 93' lang='lat' dir='ltr'>hunc</span> <span class='ocrx_word' id='word_1_226' title='bbox 503 2597 653 2679; x_wconf 87' lang='lat' dir='ltr'>alienum,</span> <span class='ocrx_word' id='word_1_227' title='bbox 675 2598 845 2685; x_wconf 87' lang='lat' dir='ltr'>profanum</span> <span class='ocrx_word' id='word_1_228' title='bbox 874 2608 904 2663; x_wconf 90' lang='lat' dir='ltr'>et</span> <span class='ocrx_word' id='word_1_229' title='bbox 930 2596 1052 2664; x_wconf 89' lang='lat' dir='ltr'>hostem</span> <span class='ocrx_word' id='word_1_230' title='bbox 1077 2623 1147 2665; x_wconf 89' lang='lat' dir='ltr'>esse</span> <span class='ocrx_word' id='word_1_231' title='bbox 1170 2625 1347 2671; x_wconf 88' lang='lat' dir='ltr'>consonans</span> 
     </span>
     <span class='ocr_line' id='line_1_28' title="bbox 231 2681 1348 2777; baseline 0.008 -30"><span class='ocrx_word' id='word_1_232' title='bbox 231 2683 386 2747; x_wconf 89' lang='lat' dir='ltr'>iudicium</span> <span class='ocrx_word' id='word_1_233' title='bbox 408 2691 592 2746; x_wconf 88' lang='lat' dir='ltr'>sanctorum</span> <span class='ocrx_word' id='word_1_234' title='bbox 613 2692 742 2766; x_wconf 91' lang='lat' dir='ltr'>patrum</span> <span class='ocrx_word' id='word_1_235' title='bbox 763 2681 889 2748; x_wconf 88' lang='lat' dir='ltr'>diffinit.</span> <span class='ocrx_word' id='word_1_236' title='bbox 931 2682 1019 2748; x_wconf 85' lang='lat' dir='ltr'>Ecce</span> <span class='ocrx_word' id='word_1_237' title='bbox 1047 2685 1179 2769; x_wconf 90' lang='lat' dir='ltr'>quidam</span> <span class='ocrx_word' id='word_1_238' title='bbox 1205 2691 1348 2777; x_wconf 90' lang='lat' dir='ltr'>episcopi</span> 
     </span>
     <span class='ocr_line' id='line_1_29' title="bbox 232 2764 1347 2862; baseline 0.008 -30"><span class='ocrx_word' id='word_1_239' title='bbox 232 2775 431 2832; x_wconf 89' lang='lat' dir='ltr'>secesserunt</span> <span class='ocrx_word' id='word_1_240' title='bbox 452 2766 484 2828; x_wconf 92' lang='lat' dir='ltr'>in</span> <span class='ocrx_word' id='word_1_241' title='bbox 499 2775 624 2851; x_wconf 89' lang='lat' dir='ltr'>partem</span> <span class='ocrx_word' id='word_1_242' title='bbox 638 2765 852 2849; x_wconf 88' lang='lat' dir='ltr'>Hildebranti,</span> <span class='ocrx_word' id='word_1_243' title='bbox 873 2764 1029 2832; x_wconf 90' lang='lat' dir='ltr'>habentes</span> <span class='ocrx_word' id='word_1_244' title='bbox 1051 2792 1122 2833; x_wconf 90' lang='lat' dir='ltr'>eam</span> <span class='ocrx_word' id='word_1_245' title='bbox 1137 2770 1240 2856; x_wconf 89' lang='lat' dir='ltr'>pluris</span> <span class='ocrx_word' id='word_1_246' title='bbox 1255 2777 1347 2862; x_wconf 89' lang='lat' dir='ltr'>pretii</span> 
     </span>
    </p>

    <p class='ocr_par' dir='ltr' id='par_1_10' title="bbox 233 2850 1347 2942">
     <span class='ocr_line' id='line_1_30' title="bbox 233 2850 1347 2942; baseline 0.011 -29"><span class='ocrx_word' id='word_1_247' title='bbox 233 2872 330 2937; x_wconf 93' lang='lat' dir='ltr'>quam</span> <span class='ocrx_word' id='word_1_248' title='bbox 351 2851 590 2915; x_wconf 89' lang='lat' dir='ltr'>universitatem</span> <span class='ocrx_word' id='word_1_249' title='bbox 605 2850 780 2917; x_wconf 86' lang='lat' dir='ltr'>catholicae</span> <span class='ocrx_word' id='word_1_250' title='bbox 802 2850 957 2917; x_wconf 90' lang='lat' dir='ltr'>ecclesiae</span> <span class='ocrx_word' id='word_1_251' title='bbox 971 2853 1045 2917; x_wconf 90' lang='lat' dir='ltr'>Dei.</span> <span class='ocrx_word' id='word_1_252' title='bbox 1077 2853 1131 2917; x_wconf 85' lang='lat' dir='ltr'>Ex</span> <span class='ocrx_word' id='word_1_253' title='bbox 1147 2878 1211 2942; x_wconf 90' lang='lat' dir='ltr'>quo</span> <span class='ocrx_word' id='word_1_254' title='bbox 1230 2859 1347 2924; x_wconf 84' lang='lat' dir='ltr'>factum</span> 
     </span>
    </p>

    <p class='ocr_par' dir='ltr' id='par_1_11' title="bbox 233 2935 1347 3106">
     <span class='ocr_line' id='line_1_31' title="bbox 233 2935 1346 3021; baseline 0.009 -22"><span class='ocrx_word' id='word_1_255' title='bbox 233 2944 290 3017; x_wconf 89' lang='lat' dir='ltr'>est,</span> <span class='ocrx_word' id='word_1_256' title='bbox 313 2935 488 3001; x_wconf 90' lang='lat' dir='ltr'>seminante</span> <span class='ocrx_word' id='word_1_257' title='bbox 510 2935 641 3000; x_wconf 89' lang='lat' dir='ltr'>inimico</span> <span class='ocrx_word' id='word_1_258' title='bbox 669 2935 798 3001; x_wconf 91' lang='lat' dir='ltr'>homine</span> <span class='ocrx_word' id='word_1_259' title='bbox 824 2936 858 2999; x_wconf 92' lang='lat' dir='ltr'>in</span> <span class='ocrx_word' id='word_1_260' title='bbox 885 2958 962 3021; x_wconf 82' lang='lat' dir='ltr'>agro</span> <span class='ocrx_word' id='word_1_261' title='bbox 990 2937 1151 3003; x_wconf 92' lang='lat' dir='ltr'>dominico</span> <span class='ocrx_word' id='word_1_262' title='bbox 1174 2942 1346 3008; x_wconf 89' lang='lat' dir='ltr'>multorum</span> 
     </span>
     <span class='ocr_line' id='line_1_32' title="bbox 233 3018 1347 3106; baseline 0.008 -21"><span class='ocrx_word' id='word_1_263' title='bbox 233 3018 453 3085; x_wconf 87' lang='lat' dir='ltr'>scandalorum</span> <span class='ocrx_word' id='word_1_264' title='bbox 473 3021 606 3102; x_wconf 84' lang='lat' dir='ltr'>zizania,</span> <span class='ocrx_word' id='word_1_265' title='bbox 627 3022 719 3087; x_wconf 89' lang='lat' dir='ltr'>utin</span> <span class='ocrx_word' id='word_1_266' title='bbox 740 3020 914 3106; x_wconf 89' lang='lat' dir='ltr'>episcopiis</span> <span class='ocrx_word' id='word_1_267' title='bbox 935 3042 1044 3085; x_wconf 90' lang='lat' dir='ltr'>eorum</span> <span class='ocrx_word' id='word_1_268' title='bbox 1067 3022 1180 3090; x_wconf 90' lang='lat' dir='ltr'>fierent</span> <span class='ocrx_word' id='word_1_269' title='bbox 1201 3030 1347 3094; x_wconf 85' lang='lat' dir='ltr'>uoniam</span> 
     </span>
    </p>

    <p class='ocr_par' dir='ltr' id='par_1_12' title="bbox 231 3103 1348 3194">
     <span class='ocr_line' id='line_1_33' title="bbox 231 3103 1348 3194; baseline 0.008 -26"><span class='ocrx_word' id='word_1_270' title='bbox 231 3103 273 3168; x_wconf 89' lang='lat' dir='ltr'>ba</span> <span class='ocrx_word' id='word_1_271' title='bbox 297 3104 428 3186; x_wconf 87' lang='lat' dir='ltr'>tisteria,</span> <span class='ocrx_word' id='word_1_272' title='bbox 457 3105 514 3170; x_wconf 92' lang='lat' dir='ltr'>sed</span> <span class='ocrx_word' id='word_1_273' title='bbox 534 3105 716 3185; x_wconf 90' lang='lat' dir='ltr'>homicidia,</span> <span class='ocrx_word' id='word_1_274' title='bbox 741 3126 807 3169; x_wconf 91' lang='lat' dir='ltr'>non</span> <span class='ocrx_word' id='word_1_275' title='bbox 830 3105 912 3167; x_wconf 81' lang='lat' dir='ltr'>sacri</span> <span class='ocrx_word' id='word_1_276' title='bbox 933 3105 1113 3170; x_wconf 89' lang='lat' dir='ltr'>chrismatis</span> <span class='ocrx_word' id='word_1_277' title='bbox 1138 3113 1348 3194; x_wconf 80' lang='lat' dir='ltr'>consecratiO,</span> 
     </span>
    </p>

    <p class='ocr_par' dir='ltr' id='par_1_13' title="bbox 226 3126 1349 3362">
     <span class='ocr_line' id='line_1_34' title="bbox 226 3126 1348 3275; baseline 0.007 -23"><span class='ocrx_word' id='word_1_278' title='bbox 226 3126 296 3252; x_wconf 79' lang='lat' dir='ltr'>sed</span> <span class='ocrx_word' id='word_1_279' title='bbox 318 3187 450 3253; x_wconf 91' lang='lat' dir='ltr'>humani</span> <span class='ocrx_word' id='word_1_280' title='bbox 475 3191 639 3274; x_wconf 84' lang='lat' dir='ltr'>sanguinis</span> <span class='ocrx_word' id='word_1_281' title='bbox 668 3189 792 3270; x_wconf 83' lang='lat' dir='ltr'>effusio,</span> <span class='ocrx_word' id='word_1_282' title='bbox 820 3209 886 3252; x_wconf 92' lang='lat' dir='ltr'>non</span> <span class='ocrx_word' id='word_1_283' title='bbox 907 3187 970 3252; x_wconf 87' lang='lat' dir='ltr'>alia</span> <span class='ocrx_word' id='word_1_284' title='bbox 992 3189 1152 3275; x_wconf 91' lang='lat' dir='ltr'>quaelibet</span> <span class='ocrx_word' id='word_1_285' title='bbox 1175 3191 1299 3260; x_wconf 82' lang='lat' dir='ltr'>Christi</span> <span class='ocrx_word' id='word_1_286' title='bbox 1318 3205 1348 3260; x_wconf 91' lang='lat' dir='ltr'>et</span> 
     </span>
     <span class='ocr_line' id='line_1_35' title="bbox 232 3271 1349 3362; baseline 0.004 -24"><span class='ocrx_word' id='word_1_287' title='bbox 232 3272 387 3338; x_wconf 89' lang='lat' dir='ltr'>ecclesiae</span> <span class='ocrx_word' id='word_1_288' title='bbox 415 3284 625 3353; x_wconf 88' lang='lat' dir='ltr'>sacramenta,</span> <span class='ocrx_word' id='word_1_289' title='bbox 658 3295 740 3358; x_wconf 88' lang='lat' dir='ltr'>quae</span> <span class='ocrx_word' id='word_1_290' title='bbox 767 3271 871 3336; x_wconf 88' lang='lat' dir='ltr'>solent</span> <span class='ocrx_word' id='word_1_291' title='bbox 897 3273 968 3336; x_wconf 90' lang='lat' dir='ltr'>fieri</span> <span class='ocrx_word' id='word_1_292' title='bbox 999 3295 1057 3358; x_wconf 89' lang='lat' dir='ltr'>per</span> <span class='ocrx_word' id='word_1_293' title='bbox 1083 3275 1255 3362; x_wconf 90' lang='lat' dir='ltr'>episcopos</span> <span class='ocrx_word' id='word_1_294' title='bbox 1277 3280 1349 3359; x_wconf 81' lang='lat' dir='ltr'>Dei,</span> 
     </span>
    </p>

    <p class='ocr_par' dir='ltr' id='par_1_14' title="bbox 232 3355 1349 3446">
     <span class='ocr_line' id='line_1_36' title="bbox 232 3355 1349 3446; baseline 0.006 -25"><span class='ocrx_word' id='word_1_295' title='bbox 232 3356 289 3421; x_wconf 91' lang='lat' dir='ltr'>sed</span> <span class='ocrx_word' id='word_1_296' title='bbox 321 3367 554 3438; x_wconf 86' lang='lat' dir='ltr'>execramenta,</span> <span class='ocrx_word' id='word_1_297' title='bbox 609 3378 670 3420; x_wconf 91' lang='lat' dir='ltr'>uae</span> <span class='ocrx_word' id='word_1_298' title='bbox 702 3355 805 3421; x_wconf 88' lang='lat' dir='ltr'>solent</span> <span class='ocrx_word' id='word_1_299' title='bbox 834 3356 904 3420; x_wconf 91' lang='lat' dir='ltr'>fieri</span> <span class='ocrx_word' id='word_1_300' title='bbox 935 3378 994 3440; x_wconf 90' lang='lat' dir='ltr'>per</span> <span class='ocrx_word' id='word_1_301' title='bbox 1025 3358 1186 3422; x_wconf 90' lang='lat' dir='ltr'>ministros</span> <span class='ocrx_word' id='word_1_302' title='bbox 1219 3362 1349 3446; x_wconf 85' lang='lat' dir='ltr'>diaboli,</span> 
     </span>
    </p>

    <p class='ocr_par' dir='ltr' id='par_1_15' title="bbox 232 3378 1350 3527">
     <span class='ocr_line' id='line_1_37' title="bbox 232 3378 1350 3527; baseline 0.003 -23"><span class='ocrx_word' id='word_1_303' title='bbox 232 3442 298 3527; x_wconf 89' lang='lat' dir='ltr'>qui,</span> <span class='ocrx_word' id='word_1_304' title='bbox 326 3442 409 3505; x_wconf 92' lang='lat' dir='ltr'>sicut</span> <span class='ocrx_word' id='word_1_305' title='bbox 430 3451 560 3504; x_wconf 89' lang='lat' dir='ltr'>sanctus</span> <span class='ocrx_word' id='word_1_306' title='bbox 584 3378 786 3524; x_wconf 59' lang='lat' dir='ltr'>dyprianus⁴</span> <span class='ocrx_word' id='word_1_307' title='bbox 808 3442 981 3526; x_wconf 88' lang='lat' dir='ltr'>episcopus</span> <span class='ocrx_word' id='word_1_308' title='bbox 1009 3442 1131 3524; x_wconf 83' lang='lat' dir='ltr'>scribit,</span> <span class='ocrx_word' id='word_1_309' title='bbox 1159 3459 1254 3513; x_wconf 73' lang='lat' dir='ltr'>videas</span> <span class='ocrx_word' id='word_1_310' title='bbox 1276 3462 1350 3514; x_wconf 71' lang='lat' dir='ltr'>idola</span> 
     </span>
    </p>

    <p class='ocr_par' dir='ltr' id='par_1_16' title="bbox 232 3529 1348 3599">
     <span class='ocr_line' id='line_1_38' title="bbox 232 3529 1348 3599; baseline 0.004 -17"><span class='ocrx_word' id='word_1_311' title='bbox 232 3529 359 3589; x_wconf 81' lang='lat' dir='ltr'>derelicta</span> <span class='ocrx_word' id='word_1_312' title='bbox 377 3536 401 3582; x_wconf 89' lang='lat' dir='ltr'>et</span> <span class='ocrx_word' id='word_1_313' title='bbox 409 3547 461 3595; x_wconf 81' lang='lat' dir='ltr'>per</span> <span class='ocrx_word' id='word_1_314' title='bbox 471 3530 583 3581; x_wconf 77' lang='lat' dir='ltr'>circium</span> <span class='ocrx_word' id='word_1_315' title='bbox 597 3529 760 3580; x_wconf 80' lang='lat' dir='ltr'>credentium</span> <span class='ocrx_word' id='word_1_316' title='bbox 767 3531 898 3596; x_wconf 80' lang='lat' dir='ltr'>populum</span> <span class='ocrx_word' id='word_1_317' title='bbox 911 3531 984 3581; x_wconf 80' lang='lat' dir='ltr'>sedes</span> <span class='ocrx_word' id='word_1_318' title='bbox 1000 3548 1064 3582; x_wconf 78' lang='lat' dir='ltr'>suas</span> <span class='ocrx_word' id='word_1_319' title='bbox 1081 3550 1112 3584; x_wconf 86' lang='lat' dir='ltr'>ae</span> <span class='ocrx_word' id='word_1_320' title='bbox 1125 3535 1224 3598; x_wconf 81' lang='lat' dir='ltr'>templa</span> <span class='ocrx_word' id='word_1_321' title='bbox 1236 3535 1348 3599; x_wconf 82' lang='lat' dir='ltr'>deserta,</span> 
     </span>
    </p>
   </div>
   <div class='ocr_carea' id='block_1_3' title="bbox 230 3603 1349 3746">
    <p class='ocr_par' dir='ltr' id='par_1_17' title="bbox 230 3603 1349 3746">
     <span class='ocr_line' id='line_1_39' title="bbox 233 3603 1349 3673; baseline 0.003 -17"><span class='ocrx_word' id='word_1_322' title='bbox 233 3603 390 3672; x_wconf 74' lang='lat' dir='ltr'>excoqitacr&#39;t</span> <span class='ocrx_word' id='word_1_323' title='bbox 414 3619 511 3653; x_wconf 81' lang='lat' dir='ltr'>nocam</span> <span class='ocrx_word' id='word_1_324' title='bbox 529 3603 668 3668; x_wconf 79' lang='lat' dir='ltr'>fraudem,</span> <span class='ocrx_word' id='word_1_325' title='bbox 693 3611 723 3653; x_wconf 85' lang='lat' dir='ltr'>ut</span> <span class='ocrx_word' id='word_1_326' title='bbox 742 3604 790 3654; x_wconf 78' lang='lat' dir='ltr'>sub</span> <span class='ocrx_word' id='word_1_327' title='bbox 809 3603 866 3669; x_wconf 82' lang='lat' dir='ltr'>ipso</span> <span class='ocrx_word' id='word_1_328' title='bbox 886 3603 1024 3656; x_wconf 78' lang='lat' dir='ltr'>christiani</span> <span class='ocrx_word' id='word_1_329' title='bbox 1041 3605 1155 3656; x_wconf 81' lang='lat' dir='ltr'>nominis</span> <span class='ocrx_word' id='word_1_330' title='bbox 1174 3607 1250 3658; x_wconf 83' lang='lat' dir='ltr'>titulo</span> <span class='ocrx_word' id='word_1_331' title='bbox 1264 3610 1349 3673; x_wconf 84' lang='lat' dir='ltr'>fallat</span> 
     </span>
     <span class='ocr_line' id='line_1_40' title="bbox 230 3675 1346 3746; baseline 0.006 -20"><span class='ocrx_word' id='word_1_332' title='bbox 230 3675 362 3741; x_wconf 78' lang='lat' dir='ltr'>incautos,</span> <span class='ocrx_word' id='word_1_333' title='bbox 388 3676 540 3740; x_wconf 69' lang='lat' dir='ltr'>tereretque</span> <span class='ocrx_word' id='word_1_334' title='bbox 564 3675 663 3727; x_wconf 78' lang='lat' dir='ltr'>invenit</span> <span class='ocrx_word' id='word_1_335' title='bbox 689 3684 713 3727; x_wconf 87' lang='lat' dir='ltr'>et</span> <span class='ocrx_word' id='word_1_336' title='bbox 740 3676 872 3739; x_wconf 83' lang='lat' dir='ltr'>scismata,</span> <span class='ocrx_word' id='word_1_337' title='bbox 892 3676 988 3742; x_wconf 73' lang='lat' dir='ltr'>quibas</span> <span class='ocrx_word' id='word_1_338' title='bbox 1007 3678 1167 3730; x_wconf 81' lang='lat' dir='ltr'>subverteret</span> <span class='ocrx_word' id='word_1_339' title='bbox 1179 3681 1274 3746; x_wconf 80' lang='lat' dir='ltr'>fidem,</span> <span class='ocrx_word' id='word_1_340' title='bbox 1295 3699 1346 3733; x_wconf 87' lang='lat' dir='ltr'>eor·</span> 
     </span>
    </p>
   </div>
   <div class='ocr_carea' id='block_1_4' title="bbox 231 3743 1349 4086">
    <p class='ocr_par' dir='ltr' id='par_1_18' title="bbox 231 3743 1349 4086">
     <span class='ocr_line' id='line_1_41' title="bbox 231 3743 1346 3831; baseline 0.004 -23"><span class='ocrx_word' id='word_1_341' title='bbox 231 3767 365 3824; x_wconf 82' lang='lat' dir='ltr'>rumperet</span> <span class='ocrx_word' id='word_1_342' title='bbox 383 3757 527 3820; x_wconf 61' lang='lat' dir='ltr'>verbalem,</span> <span class='ocrx_word' id='word_1_343' title='bbox 546 3755 675 3809; x_wconf 77' lang='lat' dir='ltr'>scinderet</span> <span class='ocrx_word' id='word_1_344' title='bbox 694 3757 831 3812; x_wconf 76' lang='lat' dir='ltr'>unitatem.</span> <span class='ocrx_word' id='word_1_345' title='bbox 869 3743 964 3809; x_wconf 84' lang='lat' dir='ltr'>Unde</span> <span class='ocrx_word' id='word_1_346' title='bbox 994 3754 1026 3810; x_wconf 77' lang='lat' dir='ltr'>et</span> <span class='ocrx_word' id='word_1_347' title='bbox 1047 3747 1226 3831; x_wconf 78' lang='lat' dir='ltr'>supradicti</span> <span class='ocrx_word' id='word_1_348' title='bbox 1248 3770 1346 3813; x_wconf 81' lang='lat' dir='ltr'>Sacer·</span> 
     </span>
     <span class='ocr_line' id='line_1_42' title="bbox 232 3824 1349 3910; baseline 0.007 -20"><span class='ocrx_word' id='word_1_349' title='bbox 232 3825 323 3890; x_wconf 90' lang='lat' dir='ltr'>dotes</span> <span class='ocrx_word' id='word_1_350' title='bbox 345 3824 559 3906; x_wconf 83' lang='lat' dir='ltr'>Hildebranti,</span> <span class='ocrx_word' id='word_1_351' title='bbox 581 3825 785 3891; x_wconf 89' lang='lat' dir='ltr'>aestimantes</span> <span class='ocrx_word' id='word_1_352' title='bbox 807 3849 865 3892; x_wconf 93' lang='lat' dir='ltr'>suo</span> <span class='ocrx_word' id='word_1_353' title='bbox 888 3850 986 3910; x_wconf 84' lang='lat' dir='ltr'>more,</span> <span class='ocrx_word' id='word_1_354' title='bbox 1017 3829 1185 3894; x_wconf 91' lang='lat' dir='ltr'>ecclesiam</span> <span class='ocrx_word' id='word_1_355' title='bbox 1207 3831 1273 3897; x_wconf 91' lang='lat' dir='ltr'>Dei</span> <span class='ocrx_word' id='word_1_356' title='bbox 1295 3842 1349 3897; x_wconf 87' lang='lat' dir='ltr'>aut</span> 
     </span>
     <span class='ocr_line' id='line_1_43' title="bbox 231 3909 1349 4011; baseline 0.007 -38"><span class='ocrx_word' id='word_1_357' title='bbox 231 3909 389 3973; x_wconf 90' lang='lat' dir='ltr'>immitem</span> <span class='ocrx_word' id='word_1_358' title='bbox 410 3930 480 3974; x_wconf 91' lang='lat' dir='ltr'>esse</span> <span class='ocrx_word' id='word_1_359' title='bbox 506 3919 561 3974; x_wconf 91' lang='lat' dir='ltr'>aut</span> <span class='ocrx_word' id='word_1_360' title='bbox 587 3932 652 3974; x_wconf 95' lang='lat' dir='ltr'>non</span> <span class='ocrx_word' id='word_1_361' title='bbox 673 3933 769 3995; x_wconf 88' lang='lat' dir='ltr'>posse</span> <span class='ocrx_word' id='word_1_362' title='bbox 791 3931 829 3975; x_wconf 86' lang='lat' dir='ltr'>ea</span> <span class='ocrx_word' id='word_1_363' title='bbox 851 3934 933 4011; x_wconf 83' lang='lat' dir='ltr'>quae</span> <span class='ocrx_word' id='word_1_364' title='bbox 956 3911 1055 3998; x_wconf 85' lang='lat' dir='ltr'>ligata</span> <span class='ocrx_word' id='word_1_365' title='bbox 1077 3924 1151 3979; x_wconf 89' lang='lat' dir='ltr'>sunt</span> <span class='ocrx_word' id='word_1_366' title='bbox 1171 3912 1349 3998; x_wconf 81' lang='lat' dir='ltr'>absolvere,</span> 
     </span>
     <span class='ocr_line' id='line_1_44' title="bbox 231 3993 1348 4086; baseline 0.005 -28"><span class='ocrx_word' id='word_1_367' title='bbox 231 3993 448 4059; x_wconf 87' lang='lat' dir='ltr'>discesserunt</span> <span class='ocrx_word' id='word_1_368' title='bbox 479 3993 519 4059; x_wconf 89' lang='lat' dir='ltr'>ab</span> <span class='ocrx_word' id='word_1_369' title='bbox 554 3993 726 4060; x_wconf 88' lang='lat' dir='ltr'>universali</span> <span class='ocrx_word' id='word_1_370' title='bbox 757 3994 891 4060; x_wconf 88' lang='lat' dir='ltr'>eccles1a</span> <span class='ocrx_word' id='word_1_371' title='bbox 917 4007 949 4061; x_wconf 90' lang='lat' dir='ltr'>et</span> <span class='ocrx_word' id='word_1_372' title='bbox 976 3996 1172 4084; x_wconf 88' lang='lat' dir='ltr'>reliquerunt</span> <span class='ocrx_word' id='word_1_373' title='bbox 1199 4003 1348 4086; x_wconf 90' lang='lat' dir='ltr'>proprias</span> 
     </span>
    </p>
   </div>
   <div class='ocr_carea' id='block_1_5' title="bbox 229 4173 1348 4466">
    <p class='ocr_par' dir='ltr' id='par_1_19' title="bbox 229 4173 1348 4466">
     <span class='ocr_line' id='line_1_45' title="bbox 234 4173 1347 4244; baseline 0.007 -21"><span class='ocrx_word' id='word_1_374' title='bbox 234 4173 262 4241; x_wconf 92' lang='lat'>1)</span> <span class='ocrx_word' id='word_1_375' title='bbox 288 4174 320 4227; x_wconf 76' lang='lat' dir='ltr'>A.</span> <span class='ocrx_word' id='word_1_376' title='bbox 341 4175 420 4228; x_wconf 80' lang='lat'>1092.</span> <span class='ocrx_word' id='word_1_377' title='bbox 516 4176 545 4244; x_wconf 77' lang='lat'>2)</span> <span class='ocrx_word' id='word_1_378' title='bbox 570 4177 656 4229; x_wconf 90' lang='lat' dir='ltr'>Immo</span> <span class='ocrx_word' id='word_1_379' title='bbox 676 4177 841 4229; x_wconf 87' lang='lat' dir='ltr'>Desiderius.</span> <span class='ocrx_word' id='word_1_380' title='bbox 917 4180 945 4243; x_wconf 81' lang='lat'>3)</span> <span class='ocrx_word' id='word_1_381' title='bbox 972 4180 1011 4229; x_wconf 87' lang='lat' dir='ltr'>Re</span> <span class='ocrx_word' id='word_1_382' title='bbox 1031 4195 1095 4231; x_wconf 86' lang='lat' dir='ltr'>vera</span> <span class='ocrx_word' id='word_1_383' title='bbox 1114 4181 1276 4234; x_wconf 85' lang='lat' dir='ltr'>Desiderius</span> <span class='ocrx_word' id='word_1_384' title='bbox 1295 4197 1347 4233; x_wconf 91' lang='lat' dir='ltr'>non</span> 
     </span>
     <span class='ocr_line' id='line_1_46' title="bbox 229 4249 1348 4323; baseline 0.005 -23"><span class='ocrx_word' id='word_1_385' title='bbox 229 4254 305 4300; x_wconf 81' lang='lat' dir='ltr'>tanto</span> <span class='ocrx_word' id='word_1_386' title='bbox 324 4249 412 4300; x_wconf 86' lang='lat' dir='ltr'>studio</span> <span class='ocrx_word' id='word_1_387' title='bbox 431 4255 478 4300; x_wconf 86' lang='lat' dir='ltr'>aut</span> <span class='ocrx_word' id='word_1_388' title='bbox 496 4251 591 4302; x_wconf 87' lang='lat' dir='ltr'>ardore</span> <span class='ocrx_word' id='word_1_389' title='bbox 610 4256 699 4318; x_wconf 85' lang='lat' dir='ltr'>partes</span> <span class='ocrx_word' id='word_1_390' title='bbox 718 4250 891 4303; x_wconf 87' lang='lat' dir='ltr'>Hildebranti</span> <span class='ocrx_word' id='word_1_391' title='bbox 909 4253 1079 4318; x_wconf 85' lang='lat' dir='ltr'>sequebatur.</span> <span class='ocrx_word' id='word_1_392' title='bbox 1109 4253 1149 4306; x_wconf 83' lang='lat' dir='ltr'>cf.</span> <span class='ocrx_word' id='word_1_393' title='bbox 1163 4254 1244 4319; x_wconf 64' lang='lat' dir='ltr'>suffe,</span> <span class='ocrx_word' id='word_1_394' title='bbox 1262 4257 1348 4323; x_wconf 83' lang='lat' dir='ltr'>Epist.</span> 
     </span>
     <span class='ocr_line' id='line_1_47' title="bbox 231 4321 1347 4394; baseline 0.007 -22"><span class='ocrx_word' id='word_1_395' title='bbox 231 4321 294 4374; x_wconf 91' lang='lat' dir='ltr'>coll.</span> <span class='ocrx_word' id='word_1_396' title='bbox 308 4322 350 4372; x_wconf 77' lang='lat'>29.</span> <span class='ocrx_word' id='word_1_397' title='bbox 365 4321 413 4383; x_wconf 76' lang='lat'>303</span> <span class='ocrx_word' id='word_1_398' title='bbox 434 4329 461 4374; x_wconf 86' lang='lat' dir='ltr'>at</span> <span class='ocrx_word' id='word_1_399' title='bbox 472 4324 596 4376; x_wconf 80' lang='lat' dir='ltr'>Amatam</span> <span class='ocrx_word' id='word_1_400' title='bbox 609 4325 659 4387; x_wconf 88' lang='lat' dir='ltr'>IV,</span> <span class='ocrx_word' id='word_1_401' title='bbox 680 4341 702 4377; x_wconf 88' lang='lat' dir='ltr'>c.</span> <span class='ocrx_word' id='word_1_402' title='bbox 714 4325 758 4376; x_wconf 80' lang='lat'>52.</span> <span class='ocrx_word' id='word_1_403' title='bbox 785 4323 827 4376; x_wconf 83' lang='lat' dir='ltr'>cf.</span> <span class='ocrx_word' id='word_1_404' title='bbox 838 4326 946 4386; x_wconf 87' lang='lat' dir='ltr'>Hirsch,</span> <span class='ocrx_word' id='word_1_405' title='bbox 963 4326 1164 4394; x_wconf 79' lang='lat' dir='ltr'>‘Forsehungen</span> <span class='ocrx_word' id='word_1_406' title='bbox 1178 4347 1201 4380; x_wconf 78' lang='lat' dir='ltr'>a.</span> <span class='ocrx_word' id='word_1_407' title='bbox 1216 4329 1347 4382; x_wconf 83' lang='lat' dir='ltr'>Deutseb.</span> 
     </span>
     <span class='ocr_line' id='line_1_48' title="bbox 229 4391 1092 4466; baseline 0.005 -19"><span class='ocrx_word' id='word_1_408' title='bbox 229 4391 338 4447; x_wconf 73' lang='lat' dir='ltr'>(iesch.¹</span> <span class='ocrx_word' id='word_1_409' title='bbox 358 4397 421 4463; x_wconf 88' lang='lat' dir='ltr'><strong>VII,</strong></span> <span class='ocrx_word' id='word_1_410' title='bbox 439 4414 467 4465; x_wconf 85' lang='lat' dir='ltr'>p.</span> <span class='ocrx_word' id='word_1_411' title='bbox 486 4397 520 4447; x_wconf 86' lang='grc'>91</span> <span class='ocrx_word' id='word_1_412' title='bbox 541 4414 600 4466; x_wconf 86' lang='lat' dir='ltr'>sqq.</span> <span class='ocrx_word' id='word_1_413' title='bbox 675 4398 705 4466; x_wconf 83' lang='lat'>4)</span> <span class='ocrx_word' id='word_1_414' title='bbox 726 4398 853 4466; x_wconf 78' lang='lat' dir='ltr'>Cypriani</span> <span class='ocrx_word' id='word_1_415' title='bbox 873 4400 963 4466; x_wconf 84' lang='lat' dir='ltr'>Opera</span> <span class='ocrx_word' id='word_1_416' title='bbox 981 4416 1007 4466; x_wconf 89' lang='lat' dir='ltr'>p.</span> <span class='ocrx_word' id='word_1_417' title='bbox 1028 4399 1092 4451; x_wconf 81' lang='lat'>211.</span> 
     </span>
    </p>
   </div>
   <div class='ocr_carea' id='block_1_6' title="bbox 0 0 1414 4830">
    <p class='ocr_par' dir='ltr' id='par_1_20' title="bbox 0 0 1414 4830">
     <span class='ocr_line' id='line_1_49' title="bbox 0 0 1414 4830; baseline 0 0"><span class='ocrx_word' id='word_1_418' title='bbox 0 0 1414 4830; x_wconf 95' lang='lat' dir='ltr'> </span> 
     </span>
    </p>
   </div>
  </div>
 </body>
</html>
