2812 4830
224 373 241 422 2
416 373 467 422 DE
488 370 646 422 UNITATE
665 371 869 422 nccausmn
889 368 1163 422 CONSERVANDA.

225 539 324 603 fuisse
348 539 524 622 Gregorius
553 560 649 623 papa,
678 539 733 622 qui
755 548 786 602 et
807 537 1001 619 Hildibrant,
1022 537 1150 600 videtur
1171 535 1350 623 aliquibus,

226 621 315 708 quod
335 642 394 684 nos
415 644 476 686 nec
497 621 692 685 affirmamus
713 643 773 684 nec
795 623 969 703 renuimus,
992 620 1048 684 sed
1063 620 1157 684 huius
1176 621 1225 684 rei
1244 642 1349 686 seore-

227 717 296 770 tum
324 705 433 770 divino
460 705 579 769 iudicio
605 704 831 791 relinquimus,
859 706 935 791 quia
962 725 1048 767 nunc
1077 704 1123 767 ibi
1151 705 1347 768 constitutus

227 798 275 854 est
303 799 378 875 post
409 790 551 874 corporis
580 788 675 853 huius
703 789 945 874 depositionem,
975 789 1031 854 ubi
1061 787 1119 851 sub
1141 787 1251 852 iudice
1275 789 1348 853 Deo

227 875 349 958 recepit
377 874 468 937 iuxta
496 874 601 938 meriti
628 875 678 937 sui
706 872 901 959 qualitatem.
944 872 1067 936 Tamen
1095 871 1213 935 dicturi
1235 893 1348 936 sumus

227 978 332 1042 pauca
361 956 400 1020 de
427 959 555 1042 scriptis
583 956 678 1038 illius,
706 968 751 1039 ut,
785 956 834 1020 his
863 977 902 1020 ea
928 977 992 1041 qua
1021 966 1147 1041 oportet
1178 955 1349 1042 diligentia

227 1043 415 1126 perspectis,
443 1050 587 1104 teneatur
616 1040 731 1105 modus
758 1040 952 1104 defensionis
974 1041 1114 1126 partium
1135 1040 1248 1123 ipsius,
1272 1061 1349 1126 quo-

227 1124 324 1207 niam,
351 1125 436 1188 sicut
457 1124 588 1190 scribit¹
615 1136 745 1190 sanctus
768 1123 950 1210 Cyprianus
977 1124 1159 1209 episcopus,
1188 1125 1350 1188 unitatem

228 1211 282 1294 qui
309 1228 374 1272 non
402 1218 498 1290 tenet,
525 1231 590 1272 non
619 1219 705 1274 tenet
728 1209 832 1273 Patris
862 1218 893 1272 et
915 1205 989 1271 Filii
1018 1208 1124 1290 fidem,
1154 1210 1255 1272 vitam
1286 1229 1350 1272 non

228 1302 316 1358 tenet
337 1303 370 1356 et
390 1293 534 1357 salutem.
1262 1329 1266 1335 ·

311 1377 342 1441 2.
385 1377 489 1460 Igitur
511 1376 656 1439 Romana
682 1374 817 1440 ecclesia
840 1384 941 1440 mater
963 1383 1011 1439 est
1033 1376 1175 1439 omnium
1199 1374 1351 1441 ecclesia-

227 1481 310 1541 rum,
340 1481 423 1557 quae
451 1457 574 1523 faciunt
602 1481 700 1524 uuam
729 1458 918 1524 catholicam
948 1458 1127 1540 ecclesiam,
1152 1467 1185 1523 et
1206 1459 1350 1544 dignitas

228 1543 366 1606 Romam
391 1544 529 1607 nominis
559 1564 595 1607 ca
620 1554 656 1608 ut
684 1543 735 1608 vel
762 1543 892 1607 domina
918 1542 1036 1606 dicitur
1063 1541 1270 1628 populorum,
1295 1545 1351 1630 qui

228 1627 390 1710 pertinent
410 1626 453 1691 ad
470 1628 575 1712 ipsam
589 1566 735 1709 ihomam,
759 1648 930 1714 quaecum
951 1627 993 1690 sit
1006 1626 1117 1708 libera,
1139 1626 1219 1690 facit
1242 1629 1351 1708 etiam,

229 1720 266 1774 ut
287 1712 351 1774 sint
371 1710 464 1775 liberi
510 1721 643 1797 uotquot
664 1724 739 1776 sunt
760 1713 820 1777 sub
837 1710 990 1776 civilitate
1009 1732 1077 1775 sua.
1109 1709 1197 1773 Hinc
1220 1722 1352 1776 sanctus

231 1793 408 1879 Gregorius
441 1797 502 1859 sor'
529 1818 585 1859 ens
620 1795 663 1860 ad
694 1795 837 1861 Phocam
870 1796 1134 1880 imperatorem²z
1170 1801 1352 1866 Refomaetar,

229 1879 344 1964 inquit,
369 1885 424 1936 iam
448 1884 560 1953 singulis
586 1887 634 1936 aab
659 1886 720 1952 iugo
740 1885 785 1951 pii
809 1884 916 1950 imperii
940 1885 1045 1936 libertas
1068 1902 1127 1949 aaa,
1153 1884 1283 1950 quoniam
1305 1885 1352 1936 hoc

229 1969 298 2019 later
316 1984 390 2035 repes
408 1969 524 2035 gentiam
548 1976 572 2019 et
590 1968 630 2019 rei
644 1968 791 2033 publicae⁸
816 1967 906 2029 dicem,
931 1967 1002 2032 qaod
1019 1983 1093 2034 repes
1110 1967 1230 2033 pontium
1249 1965 1353 2018 domiai

229 2058 364 2092 servorum
387 2047 456 2104 aaut,
482 2042 654 2106 imperatores
680 2057 740 2091 aero
766 2039 806 2091 rei
825 2039 951 2105 publicae
974 2038 1075 2091 domiai
1094 2040 1246 2092 liberorum.
1287 2032 1352 2097 Sed

230 2115 536 2202 Constantinopolis,
567 2137 651 2202 quae
676 2137 762 2180 nova
783 2116 886 2180 Roma
915 2115 1041 2197 dicitur,
1069 2125 1146 2179 tunc
1167 2124 1237 2180 erat
1259 2116 1352 2181 sedes

228 2202 453 2285 imperatoriae
484 2199 658 2284 dignitatis,
688 2199 750 2264 hoc
779 2200 824 2263 ita
852 2199 1017 2264 ordinante
1038 2198 1198 2264 industria
1226 2209 1260 2264 et
1281 2198 1352 2264 reli·

229 2285 325 2369 gione
348 2283 550 2349 Constantini
571 2284 783 2367 imperatoris,
806 2293 842 2347 ut
861 2294 953 2348 vetus
975 2284 1080 2346 Roma
1101 2284 1262 2369 optineret
1288 2284 1351 2368 pri·

230 2378 352 2431 matum
368 2366 537 2451 apostolici
551 2365 681 2430 honoris
701 2377 733 2431 et
746 2388 831 2430 nova
845 2368 995 2432 retineret
1008 2368 1226 2452 principatum
1241 2369 1352 2451 regiae

230 2451 416 2532 maiestatis,
445 2460 481 2515 ut
508 2452 554 2514 sic
581 2461 683 2514 mater
713 2463 744 2515 et
771 2450 837 2514 filia
864 2450 1097 2516 concordarent
1127 2452 1160 2517 in
1192 2453 1352 2516 unitatem

232 2533 424 2598 christianae
450 2533 525 2599 fidei
553 2544 584 2598 et
611 2534 784 2619 religionis.
828 2536 1002 2621 Postquam
1036 2544 1142 2599 autem
1175 2533 1352 2620 degenera-

231 2625 348 2682 verunt
368 2639 470 2682 novae
491 2617 575 2681 illius
589 2618 711 2683 Romae
732 2622 951 2704 imperatores,
974 2621 1052 2684 facti
1073 2617 1124 2683 vel
1145 2616 1282 2684 heretici
1302 2619 1353 2686 vel

232 2701 445 2766 hereticorum
475 2701 657 2766 defensores
687 2705 755 2768 sive
783 2705 879 2769 etiam
904 2703 1080 2769 catholicae
1102 2701 1260 2768 ecclesiae
1307 2727 1352 2769 er-

233 2795 405 2867 secutores,
434 2795 511 2850 tuno
540 2794 642 2850 mater
692 2788 763 2851 uasi
790 2788 929 2853 scrihere
957 2788 1065 2874 coepit
1091 2785 1177 2852 filiae
1206 2726 1352 2852 fibellum

204 2930 206 2935 ,
232 2892 267 2934 re
292 2868 370 2949 udii,
394 2879 426 2933 et
440 2868 520 2933 alios
535 2869 617 2934 filios
639 2892 680 2934 no
704 2870 804 2937 ilitate
826 2871 921 2935 simul
943 2883 975 2937 et
989 2872 1107 2936 virtute
1120 2874 1353 2956 prestantiores

232 2892 408 3039 adduisivit
436 2954 508 3027 sibi,
537 2965 573 3019 ut
595 2953 718 3019 Galliac
745 2965 777 3020 et
799 2953 992 3020 Germaniae
1014 2954 1127 3041 populi
1149 2956 1214 3019 sint
1241 2964 1274 3020 et
1295 2956 1352 3020 filii

233 3047 265 3102 et
279 3038 365 3102 cives
380 3038 439 3120 sui,
460 3049 557 3125 atque
576 3061 667 3125 reges
689 3060 799 3103 earum
822 3044 865 3102 im
892 3051 1031 3104 eratores
1053 3041 1117 3103 sint
1137 3041 1184 3104 rei
1199 3039 1352 3124 publicae

232 3131 265 3186 et
293 3123 457 3187 Romanae
484 3123 636 3189 ccclesiae
664 3124 801 3209 patricii.
879 3123 941 3189 nde
969 3122 1114 3209 legitur³,
1149 3122 1352 3208 Stephanum

231 3228 348 3293 papam
365 3212 492 3272 venisse
515 3208 557 3272 ad
571 3231 605 3272 re
628 3230 678 3272 em
693 3207 869 3292 Pippinum
891 3216 924 3272 et
937 3207 1118 3294 postulasse
1133 3209 1353 3291 patrocinium

231 3292 300 3356 eius
333 3301 445 3356 contra
476 3230 674 3355 HaistulIum
710 3313 818 3376 regem
850 3289 1138 3376 Longobardorum
1172 3312 1213 3355 ac
1249 3293 1353 3378 ipsius

231 3377 401 3461 patrocinii
423 3376 527 3461 gratia
547 3374 736 3456 decrevisse,
760 3374 936 3462 quemlibet
956 3376 1108 3461 deinceps
1126 3397 1237 3459 regem
1253 3378 1354 3442 Fran·

158 3514 164 3522 .
232 3480 344 3523 corum
365 3461 535 3544 patricium
559 3481 628 3523 esse
650 3459 877 3541 Romanorum,
899 3460 983 3524 sicut
1002 3460 1093 3524 verbi
1115 3480 1213 3523 eausa
1235 3459 1356 3546 legitur

232 3544 266 3607 in
289 3542 510 3628 chirographis
531 3542 571 3605 de
588 3541 702 3606 Carolo
725 3545 894 3629 scriptum:
920 3542 1058 3608 Carolus
1076 3545 1189 3624 pratia
1203 3544 1273 3610 Dei
1295 3568 1354 3612 rea

234 3627 439 3691 mancorum
467 3634 496 3688 et
522 3626 812 3712 Loapohardoram
846 3652 884 3691 ac
911 3629 1081 3711 patricius
1112 3629 1353 3695 Romanorum.

234 3708 298 3772 Hic
328 3719 377 3773 est
398 3706 541 3791 Carolus,
572 3711 626 3795 qui
652 3711 775 3796 primus
805 3733 847 3774 ex
868 3710 1066 3774 Francorum
1093 3710 1225 3796 regibus
1252 3714 1355 3800 impe-

233 3802 320 3857 rator
342 3802 390 3855 est
412 3790 585 3875 ordinatus,
608 3794 695 3880 quod
714 3804 750 3858 ut
770 3795 869 3874 fieret,
892 3817 950 3879 per
963 3794 1048 3859 illius
1071 3794 1226 3879 temporis
1249 3800 1355 3882 ponti·

233 3875 328 3941 ficem
359 3876 539 3940 Romanum
571 3878 691 3942 invitus
724 3887 771 3942 est
803 3878 975 3961 adductus3
1008 3879 1100 3942 cuius
1133 3879 1230 3943 etiam
1261 3891 1356 3965 pater

233 3960 404 4046 Pippinus,
425 3960 465 4025 de
487 3983 550 4047 quo
572 3985 670 4048 supra
692 3962 814 4026 dictum
836 3971 893 4041 est,
916 3984 990 4026 cum
1012 3973 1096 4028 esset
1118 3962 1221 4026 maior
1236 3963 1353 4029 domus

233 4045 267 4106 in
294 4065 394 4129 regno
416 4045 625 4128 Francorum,
652 4045 714 4110 hoc
737 4056 786 4111 est
806 4045 987 4132 praefectus
1009 4045 1127 4130 palatii,
1155 4056 1188 4110 et
1214 4047 1259 4112 ad
1281 4070 1355 4114 eum

233 4211 257 4265 a)
273 4214 423 4263 imperatores
438 4214 488 4255 add.
505 4213 567 4264 Creo.

235 4342 263 4411 1)
281 4343 408 4410 Cypriani
420 4362 501 4411 opera
521 4345 563 4396 ed.
577 4346 682 4411 Hartel,
694 4348 809 4399 Vindob.
825 4346 903 4410 1868,
923 4347 976 4408 ΙΙΙ,
990 4349 1013 4410 1,
1032 4366 1057 4414 p.
1070 4347 1130 4413 215,
1143 4347 1167 4398 9.
1221 4349 1250 4414 2)
1272 4349 1355 4416 (ir-eg.

234 4433 276 4484 op.
297 4418 376 4482 XIII,
395 4419 430 4469 34
450 4419 505 4483 (ed.
525 4419 638 4484 Ewald),
712 4418 741 4484 3)
762 4421 802 4474 Cf.
821 4423 890 4473 Aun.
911 4422 990 4473 Einh.
1010 4437 1035 4471 a.
1050 4421 1111 4472 801.
