2812 4830
507 385 721 438 PRAEFATIO.
1127 387 1178 436 XV

57 554 133 618 dum
166 554 356 639 episcopum
387 551 589 616 salutarem1.
632 552 794 636 Lepsius²
820 563 930 638 putat,
965 554 1178 619 Woltramum

56 636 259 702 consuluisse
284 636 471 700 Anselmum
495 636 533 699 de
555 636 721 700 erroribus
741 635 895 701 ecclcsiae
918 636 1066 702 Graecae
1088 649 1117 702 et
1138 660 1178 702 esc

57 744 93 785 eo
137 723 325 800 uaesivisse,
349 742 458 784 nonne
479 729 557 784 tvnc
573 721 849 785 accommodatum
871 730 951 786 esset
971 732 1097 806 tempus
1120 722 1177 786 tol-

56 744 152 870 lendo
175 805 342 869 schismati
363 804 452 887 quod
473 801 625 867 ecclesiae
647 804 817 868 Romanae
839 829 911 869 cum
927 803 1058 870 Graeca
1079 807 1178 869 inter-

57 898 204 953 cesserat.
239 889 302 955 Cui
324 889 501 951 sententiae
524 889 555 950 si
576 888 833 1034 adstipulamur,
856 891 1012 973 sequitur,
1034 899 1070 953 ut
1091 888 1177 954 Wal-

56 982 185 1037 tramus
217 994 285 1036 non
318 971 422 1035 solum
449 972 572 1036 anitati
603 973 754 1035 eccesiae
781 973 961 1054 Romanae,
994 974 1050 1037 sed
1082 976 1180 1038 etiam

56 1060 138 1142 paci
158 1058 245 1120 inter
266 1064 438 1138 utramque
460 1053 625 1119 ecclesiam
647 1056 867 1120 restituendae
889 1059 1030 1121 manime
1046 1079 1180 1142 operam

59 1141 194 1205 dederit.
238 1139 326 1203 Nam
351 1137 564 1203 Waltramum
586 1137 729 1223 epistula
751 1162 815 1203 sua
838 1140 882 1204 ad
904 1143 1047 1205 comitem
1068 1140 1178 1205 Ludo-

60 1228 167 1288 vicum
189 1224 269 1287 data
292 1221 377 1286 nillil
399 1223 495 1286 aliud
517 1225 723 1309 appetivisse,
745 1225 814 1287 nisi
834 1232 871 1287 ut
892 1226 1005 1288 unitas
1026 1227 1063 1290 in
1085 1226 1179 1289 ecclc·

60 1310 114 1371 sia
146 1308 300 1371 Romana
330 1309 562 1388 restitueretur,
594 1329 635 1371 ea
660 1309 746 1392 apsis
778 1309 850 1372 eius
882 1307 1042 1392 epistulae
1074 1309 1180 1373 verbis

61 1391 169 1456 elucet.
202 1391 321 1454 Nonne
343 1392 429 1455 enim
450 1393 488 1454 in
510 1413 550 1455 ea
571 1392 665 1456 nobis
683 1401 860 1456 occurrunt
880 1392 978 1457 verva
996 1392 1179 1474 Woltrami,

63 1476 180 1561 quibus
209 1478 352 1539 comitem
385 1475 431 1538 ad
454 1496 573 1559 pacem
602 1475 753 1539 ecclesiae
775 1478 975 1540 servandam
996 1475 1179 1561 competiit?

60 1569 113 1623 ut:
136 1558 222 1622 omni
244 1580 343 1644 regno
366 1558 454 1622 utilis
476 1568 525 1624 ost
545 1559 719 1623 concordia
740 1568 769 1623 et
791 1559 858 1624 alio
880 1559 969 1625 loco:
999 1561 1050 1624 Tu
1071 1561 1179 1645 igitur,

58 1641 287 1726 gloriosissime
303 1644 464 1728 princeps,
485 1643 664 1726 attendens,
687 1643 849 1729 quomodo
864 1643 954 1708 Deus
968 1646 1059 1727 pacis
1079 1654 1128 1708 est
1149 1653 1181 1707 et

59 1748 124 1790 non
136 1725 354 1808 dissensionis,
376 1725 465 1826 quod
479 1749 522 1790 ex
536 1737 567 1792 ts
582 1735 639 1809 est,
662 1749 776 1813 passm
798 1747 872 1790 aum
888 1728 1036 1792 omnibus
1051 1727 1180 1794 habeas.

60 1811 134 1875 Iam
163 1830 238 1875 vero
268 1812 313 1875 ad
340 1811 427 1874 altas
453 1811 696 1875 similitudines.
744 1808 815 1884 Quo
843 1813 949 1875 utitur
975 1835 1120 1876 sermone
1152 1823 1182 1877 et

59 1917 178 1980 penore
199 1894 341 1974 dicendi,
384 1916 456 1957 uem
477 1905 560 1957 tenet
580 1895 710 1958 modum
733 1895 933 1977 disputandi
955 1906 984 1958 ct
998 1897 1182 1960 disserendi

60 1981 99 2042 in
121 1977 263 2062 epistula
287 1979 332 2040 ad
376 1977 550 2042 udovicum
570 1979 672 2041 missa
689 1978 895 2058 Woltramus,
918 1979 1045 2043 easdem
1066 2001 1118 2043 res
1132 2001 1179 2042 se·

60 2064 176 2146 quitur
194 2064 336 2145 scriptor
346 2060 425 2123 libri
440 2063 499 2145 qui
512 2071 557 2123 est
576 2061 614 2124 de
635 2063 761 2125 unitate
773 2061 925 2125 ecclesiae
944 2064 1180 2126 conservanda.

61 2145 204 2226 Deinde,
236 2154 272 2207 nt
305 2145 449 2208 omnium
481 2147 539 2229 qui
572 2155 648 2208 tuuc
681 2154 777 2209 erant
815 2146 982 2210 lominum
1014 2146 1181 2210 doctorum

58 2229 301 2312 disputationes
331 2229 557 2293 auctoritatem
584 2227 780 2312 Scripturae
803 2229 929 2294 Sacrae
954 2231 1181 2315 sequebantur,

60 2322 158 2398 atque
180 2335 220 2376 evo
235 2336 275 2376 ea
290 2322 486 2397 arpumenta
507 2314 709 2398 pravissima
719 2314 883 2396 petebant,
905 2316 956 2377 ita
977 2337 1079 2399 neque
1097 2314 1181 2378 Wal-

58 2406 187 2460 tramus
201 2398 239 2460 iu
250 2396 311 2460 illa
326 2397 468 2480 epistula
485 2419 588 2482 neque
604 2399 744 2481 scriptor
760 2397 935 2483 apolopiae
947 2408 1079 2461 nostrae
1090 2402 1179 2482 quic·

59 2503 160 2565 quam
175 2481 336 2544 divinitus
351 2490 461 2544 ratum
475 2481 602 2561 labent,
626 2481 713 2564 quod
727 2503 793 2544 non
808 2483 941 2545 ductum
963 2484 1006 2546 sit
1026 2504 1068 2545 ea
1081 2482 1180 2546 libro·

59 2587 135 2628 rum
150 2586 319 2628 sacrorum
334 2565 513 2646 sententia,
528 2565 585 2628 sed
598 2568 719 2629 mirum
732 2573 788 2646 cst,
808 2565 896 2650 quod
910 2587 950 2628 eu
965 2566 1044 2630 locis
1058 2588 1181 2647 novem,

59 2670 143 2732 quos
160 2648 358 2712 Woltramus
380 2670 420 2711 ev
435 2647 614 2732 Scriptura
628 2648 737 2713 Sacra
753 2648 857 2734 affert,
879 2671 946 2713 non
960 2651 1069 2713 miuus
1085 2652 1181 2734 qnin-

61 2754 123 2817 que
144 2734 181 2796 in
195 2731 279 2796 libro
296 2732 334 2796 de
348 2735 474 2796 unitate
489 2733 562 2797 eccl.
578 2755 664 2796 cons.
679 2735 881 2796 invenimus:
903 2733 997 2798 Rom.
1011 2734 1061 2814 13,
1078 2734 1181 2814 1-2,

60 2816 156 2882 Rom.
181 2816 230 2895 10,
245 2815 285 2896 3,·
310 2817 337 2879 1.
362 2817 429 2880 Iol.
453 2817 560 2898 4,16;
586 2816 834 2897 1.10t.3,15;
858 2814 933 2880 Gal.
958 2818 986 2896 1,
1003 2817 1031 2881 8.
1076 2817 1181 2881 Deni-

60 2922 133 2983 que,
148 2908 184 2963 ut
201 2898 400 2964 Woltramus
415 2902 452 2963 in
470 2899 531 2963 illa
545 2898 689 2985 epistula
704 2900 794 2980 dicit,
818 2901 906 2984 quod
922 2901 1181 2982 Hildebrandus‚

59 2983 270 3068 Rudolpltus,
300 2983 539 3062 Herimannus,
569 2983 780 3068 Eppelertus,
808 2985 976 3048 innumeri
996 2987 1181 3068 principes,

59 3069 120 3154 qui
134 3068 200 3132 Dei
221 3068 429 3131 ordinationi
449 3068 486 3130 iu
510 3067 654 3130 Henrieo
675 3069 872 3149 imperatore
892 3070 1093 3148 restitissent,
1116 3077 1183 3131 tam

49 3151 155 3236 foede
165 3153 354 3236 periissent,
369 3151 482 3215 divino
496 3149 639 3298 pandam
657 3151 782 3214 iudicio
796 3149 930 3233 factum
944 3173 1020 3231 esse,
1035 3153 1084 3214 ito
1103 3150 1181 3248 lepi-

58 3260 132 3300 mus
153 3239 191 3299 in
213 3235 297 3299 libro
318 3244 428 3299 nostro
452 3235 522 3318 (li.
547 3235 592 3316 ΙΙ,
615 3259 641 3298 1.
664 3233 743 3315 35).·
766 3233 878 3319 Neque
900 3235 986 3298 enim
1014 3232 1070 3296 diu
1097 3255 1184 3298 111111

58 3319 240 3404 Egbertum
262 3318 479 3383 marchionem
502 3318 581 3382 ultio
604 3317 714 3381 divina
731 3319 878 3397 cessavit,
901 3327 931 3382 et
946 3318 1060 3401 (titt,
1083 3343 1108 3381 c.
1125 3319 1145 3381 3
1147 3322 1183 3398 ):

60 3425 201 3490 quorum
228 3424 311 3466 unus
341 3402 574 3487 (liudolphus)
605 3402 637 3465 in
664 3400 787 3486 proelio
810 3401 935 3483 cecidit,
964 3401 1045 3466 alter
1073 3403 1186 3485 (Heri-

61 3492 225 3568 mannus)
255 3488 287 3548 in
316 3486 556 3570 expugnatione
585 3487 680 3548 unius
703 3484 823 3549 castelli
845 3485 1072 3549 miserabiliter
1093 3507 1186 3549 occu-

62 3571 144 3640 buit.
181 3573 260 3635 Item
283 3574 425 3656 scriptor
447 3570 621 3656 apolopiae
643 3580 774 3634 nostrae
796 3571 867 3653 (lib.
881 3571 926 3652 ΙΙ,
951 3596 976 3634 c.
993 3571 1041 3651 7),
1062 3580 1099 3634 ut
1113 3568 1185 3634 Hil-

58 3657 251 3722 delrandus
272 3657 309 3718 in
332 3655 447 3718 cnsilio
470 3655 555 3718 diem
576 3677 761 3739 supremum
784 3654 894 3735 obiret,
913 3656 1043 3718 iustitia
1066 3656 1185 3718 divina

59 3742 271 3806 constitutum
290 3739 400 3825 fuisse
425 3748 524 3823 putat
551 3748 580 3802 et
608 3738 646 3802 de
668 3736 788 3824 Serpio
810 3760 991 3803 successore
1013 3740 1084 3803 eius
1106 3739 1185 3803 dicit

62 3825 128 3909 (II,
153 3825 229 3904 ll):
252 3823 344 3886 auius
366 3822 489 3887 scilieet
509 3821 639 3885 honoris
662 3823 807 3906 rapinam
837 3844 901 3885 non
929 3823 986 3885 diu
1007 3823 1185 3908 impunitus

57 3908 172 3988 tenuit,
195 3909 346 3993 quoniam
370 3907 499 3980 interiit,
521 3928 563 3970 ex
585 3927 647 3992 quo
671 3905 794 3970 scilicet
814 3905 923 3969 divino
945 3906 1064 3969 iudicio
1084 3905 1185 3969 mani-

57 3991 176 4058 festum
198 4000 256 4073 est,
278 3990 380 4077 qualis
403 3993 499 4055 etiam
522 3991 591 4075 ipse
613 3989 719 4059 fuerit.

56 4200 85 4267 1)
106 4201 133 4253 S.
153 4201 276 4253 Ansslmi
295 4203 385 4268 Opera
405 4201 448 4250 ed.
470 4201 616 4263 Gerberon,
636 4200 746 4250 Parisiis
768 4164 846 4249 1721.
872 4216 897 4264 p.
920 4199 980 4250 135.
1065 4197 1095 4260 2)
1116 4197 1181 4247 ‘Ge-

53 4274 182 4415 slcgrpghtsls)
205 4274 398 4398 1ζοῖΒί111ιό11
423 4274 471 4325 des
490 4275 641 4325 Hoohstifu
659 4273 816 4337 Naumburg
842 4288 890 4322 vor
911 4271 959 4321 der
978 4270 1181 4330 Reformstion’,

137 4388 144 4414 ,
185 4385 192 4398 .
251 4385 258 4399 .
