2804 4830
230 349 265 416 82
414 348 465 398 DE
488 345 648 398 UNITATE
667 345 871 396 ECOLESIAE
892 344 1169 396 consueverint.

154 537 296 583 mennon
329 513 447 578 babeat
478 514 675 598 coniugium,
708 512 764 577 sed
797 535 839 577 ex
875 511 1154 596 consanguinitate
1187 514 1351 594 sociatum
1398 558 1400 600 :

232 598 351 679 iudico,
379 598 463 661 inter
489 619 563 661 eum
592 606 623 661 et
655 618 790 661 uxorem
817 598 886 660 eius
914 595 985 660 fieri
1011 595 1205 660 divortium'.
1252 597 1351 660 Huius
1398 622 1400 680 3

232 682 345 746 iudicii
367 683 557 745 sententiam
580 703 653 745 cum
671 703 735 745 non
750 681 984 765 approbassent
1005 679 1185 745 assidentes
1200 681 1351 766 episcopi,

233 766 387 847 dicentes,
408 767 553 849 agendae
576 765 671 828 buius
700 765 745 830 rei
772 774 901 849 tempus
923 774 1000 829 tuno
1022 786 1088 828 non
1109 787 1190 845 esse,
1214 765 1350 829 secundo
1398 790 1400 795 ·

232 849 349 930 intulit,
372 872 406 913 se
423 849 567 914 iudicare
582 850 702 914 bonum
726 859 757 914 et
777 850 896 913 iustum
912 870 992 929 esse,
1014 859 1050 913 ut
1071 870 1123 912 res
1138 846 1350 932 ecclesiarum,

233 955 315 1020 quas
338 933 484 998 Saxones
504 944 536 997 at
560 956 600 997 ue
622 932 783 1016 Thuringi
803 941 1021 1017 usurpassent,
1041 934 1076 996 in
1103 934 1256 1018 proprios
1280 955 1351 998 usus

232 1019 474 1083 restituerentur
485 955 630 1103 apodiatis
643 1017 786 1082 ecclesiis
797 1029 894 1102 atque
913 1018 1128 1099 monasteriis,
1148 1018 1268 1103 quibus
1282 1018 1351 1082 fuis·

234 1111 306 1166 sent
322 1100 446 1167 oblatae
460 1122 499 1166 ac
514 1102 586 1165 Deo
605 1109 820 1170 consecratae.
853 1099 945 1164 Haec
961 1121 1090 1199 quoque
1107 1103 1268 1168 sententia
1286 1123 1351 1166 cum

233 1209 298 1251 non
319 1184 494 1272 placuisset
515 1185 706 1270 episcopis1,
728 1193 838 1270 utpote
860 1183 1047 1249 timentrbus
1078 1184 1243 1250 offendere
1268 1208 1351 1272 prae·

235 1271 371 1335 sentiam
398 1271 580 1347 noxiorum,
613 1271 668 1354 qui
696 1269 816 1354 pariter
845 1279 1061 1333 convenerant
1088 1269 1130 1333 ad
1158 1269 1352 1334 roborandas

234 1362 341 1439 partes
369 1354 599 1417 coniurationis
625 1375 712 1435 suae,
742 1363 818 1417 tunc
845 1352 1005 1437 rogabant
1036 1355 1109 1439 ipsi,
1142 1356 1301 1439 rogabant
1326 1363 1353 1417 et

234 1436 290 1502 alii
304 1438 465 1522 principes
482 1436 654 1517 Saxoniae,
676 1446 721 1518 ut,
743 1435 792 1500 his
807 1447 905 1522 atque
924 1437 1107 1501 huiusmodi
1126 1439 1265 1521 omissis,
1287 1460 1354 1502 con-

236 1523 367 1585 sentiret
394 1542 467 1584 cum
496 1520 542 1584 eis
570 1519 610 1583 ad
641 1542 679 1585 ea
706 1542 787 1606 quae
817 1522 997 1606 coepissent
1024 1544 1138 1606 agere3
1165 1545 1200 1587 se
1229 1523 1354 1609 quidem

236 1605 433 1679 convenisse,
456 1613 492 1668 ut
509 1613 692 1686 tractarent,
719 1604 880 1690 quomodo
903 1604 1075 1670 defendere
1096 1615 1231 1691 possent
1252 1615 1355 1693 partes

236 1710 275 1752 ac
296 1689 403 1753 studia
424 1688 474 1753 sui
497 1687 647 1774 Gregorii
667 1709 772 1774 papae
795 1690 863 1753 eius
887 1711 927 1753 ue
949 1689 1120 1754 anathema
1142 1693 1230 1755 circa
1250 1713 1356 1777 regem

236 1771 437 1838 Henriohum
459 1795 613 1838 renovare
635 1795 673 1837 ac
695 1771 815 1859 populo
837 1711 1009 1855 indicares
1032 1773 1119 1860 quod
1141 1776 1356 1838 excommuni-

225 1867 327 1922 catus
350 1858 392 1922 sit
414 1858 517 1922 omnis
539 1866 571 1921 et
592 1855 700 1921 salvus
720 1878 790 1921 esse
811 1880 876 1924 non
898 1857 1009 1942 possit,
1054 1859 1180 1944 uisquis
1195 1858 1356 1924 Henricho

237 1941 307 2006 re'i
327 1941 361 2004 in
382 1940 491 2027 aliquo
513 1941 809 2006 communicaverit.
841 1941 927 2007 Tum
947 1940 1000 2006 ille
1024 1881 1101 2007 dno
1123 1941 1231 2007 flexus
1254 1952 1302 2008 cst
1318 1941 1356 2006 ad

237 1963 436 2091 voiuntatem
465 2047 576 2091 eorum
604 2035 636 2090 ct
657 2027 829 2108 consensit,
859 2027 934 2111 quia
955 2034 1050 2090 vento
1072 2028 1195 2111 agitata
1214 2025 1356 2092 harundo

238 2110 354 2176 extitit.
397 2108 644 2174 Damnaverunt
669 2111 785 2174 iterum
822 2132 935 2174 omnes
968 2111 1024 2196 qui
1052 2110 1187 2176 aderant
1214 2112 1358 2197 episcopi

238 2192 439 2258 Henriohum
465 2216 574 2280 regem
605 2203 636 2257 et
663 2194 918 2259 iustificaverunt
945 2192 1053 2258 multis
1078 2195 1184 2260 modis
1207 2197 1260 2260 sui
1283 2195 1358 2260 Gre-

239 2278 323 2362 gorii
344 2287 479 2362 partem,
508 2287 639 2363 agentes
661 2277 725 2362 ipsi
747 2279 854 2341 omnia
877 2286 988 2342 contra
1009 2278 1136 2363 regulas
1162 2288 1195 2344 et
1215 2281 1359 2344 instituta

240 2360 405 2442 ecclesiae,
429 2362 570 2447 quinon
592 2361 817 2425 convenissent
837 2361 879 2425 ad
901 2362 1060 2448 synodum
1080 2364 1114 2426 in
1136 2363 1209 2428 loco
1232 2363 1358 2445 celebri,

239 2446 272 2507 in
287 2445 416 2509 civitate
431 2443 554 2509 scilicet
568 2443 756 2530 episcopali,
779 2445 834 2530 qui
850 2449 1073 2511 convenissent
1092 2449 1127 2511 in
1140 2448 1232 2514 festis
1248 2448 1359 2512 diebus

239 2548 366 2614 pascae,
399 2529 433 2591 in
465 2527 580 2592 diebus
609 2526 732 2592 scilicet
759 2527 869 2626 gaudii
903 2540 934 2594 et
962 2530 1112 2614 laetitiae,
1145 2542 1182 2597 ut
1214 2534 1358 2598 miserias

239 2611 430 2676 miserorum
459 2633 501 2676 au
525 2620 624 2693 erent,
651 2622 687 2677 ut
709 2611 880 2677 seditiones
902 2635 941 2677 ac
961 2615 1083 2699 proelia
1103 2627 1307 2699 renovarent,
1327 2626 1361 2681 ut

241 2696 337 2759 ctiam
370 2695 468 2759 fidem
501 2635 709 2765 destruerent.
752 2695 848 2762 Unde
880 2697 1014 2764 audiant
1044 2700 1107 2784 ipsi
1134 2701 1361 2767 iustificatores

241 2781 291 2843 sui
314 2779 464 2866 Gregorii
491 2789 523 2846 et
549 2780 751 2844 damnatores
779 2782 982 2868 imperatoris
1004 2783 1171 2866 Henrichi‚
1205 2807 1280 2849 cum
1300 2786 1361 2886 ipsi

241 2864 345 2948 magis
375 2866 438 2930 sint
464 2864 616 2946 damnati,
645 2873 758 2951 utpote
785 2865 1000 2931 destructores
1028 2867 1114 2951 fidei,
1143 2868 1288 2950 audiant,
1317 2893 1361 2933 m-

243 2970 350 3033 quam,
379 2948 418 3014 de
445 2949 630 3013 huiusmodi
656 2951 846 3015 sententiam
873 2952 976 3014 sancti
997 2973 1102 3036 papae
1125 2950 1266 3017 Gelasii:
1301 2969 1361 3021 Non

242 3055 297 3098 tam
311 3055 422 3115 propter
440 3047 584 3116 religionis,
603 3035 740 3120 inquit³,
762 3066 871 3100 causam
888 3049 995 3100 student
1013 3049 1230 3116 dispositionibus
1246 3050 1362 3119 publicis

243 3122 358 3186 obviare,
377 3124 425 3174 scd
438 3123 530 3189 potius
545 3139 597 3188 per
616 3124 777 3175 occasionem
801 3122 891 3190 sepiae
911 3122 1092 3189 alligationisa
1111 3125 1269 3177 catholicam
1280 3127 1363 3193 fidem

242 3196 386 3246 moliuntur
405 3203 518 3248 evertere
537 3203 561 3247 et
579 3199 629 3248 tali
647 3191 814 3248 commertiob
839 3201 947 3261 sperata
960 3205 1110 3262 praestare,
1130 3215 1190 3250 cum
1210 3216 1255 3266 epo
1276 3206 1300 3251 et
1318 3200 1362 3250 da-

243 3286 329 3320 cessor
348 3287 421 3321 meus
439 3287 493 3320 non
506 3269 590 3320 solum
602 3270 707 3321 minime
725 3270 754 3320 in
774 3268 825 3319 bac
839 3275 919 3333 parte
938 3270 1119 3322 damnationis
1132 3289 1228 3324 nomen
1247 3272 1362 3338 impera·

243 3342 307 3393 toris
333 3342 504 3410 attigerimus,
530 3343 577 3392 sed
595 3343 714 3408 insuper,
730 3348 873 3407 postquam
893 3342 1005 3407 adeptus
1025 3352 1062 3394 est
1080 3344 1182 3410 regiam
1195 3351 1361 3410 potestaten,

243 3415 392 3480 bonom'ficis
412 3433 471 3465 eum
490 3413 572 3465 literis
591 3416 711 3467 salutare
730 3415 891 3466 curavimus.
930 3415 1087 3468 Sacerdotes
1104 3424 1201 3481 autem,
1220 3419 1269 3484 qui
1282 3435 1364 3483 prac-

242 3488 436 3539 varicatam'das
455 3504 483 3538 se
503 3489 707 3541 communicasse
722 3489 838 3554 propria
856 3504 918 3539 uoce
932 3490 1045 3555 confessi
1063 3497 1133 3554 sunt,
1153 3508 1171 3540 a
1184 3492 1364 3544 communione

243 3561 388 3625 apostolica
412 3561 599 3612 submouerunt
622 3562 770 3613 decessores
795 3561 854 3624 mei,
880 3561 976 3626 quibus
1000 3563 1096 3615 scilicet
1114 3565 1251 3616 damnatis
1271 3565 1295 3616 si
1312 3563 1365 3631 ipsi

239 3643 328 3706 placet
352 3640 464 3706 misceri,
489 3659 544 3692 non
568 3649 654 3707 potest
679 3645 763 3709 nobis,
789 3628 904 3715 inquii,
927 3645 1064 3711 imputari,
1090 3663 1107 3696 a
1132 3646 1228 3711 quibus
1254 3647 1280 3699 si
1304 3646 1365 3699 velit

245 3830 267 3884 a)
283 3833 409 3881 legationis
425 3833 469 3875 Get.
530 3832 554 3886 b)
571 3839 699 3876 commento
716 3836 760 3876 aa.

246 4008 275 4077 1)
296 4012 444 4062 Discidium
459 4015 593 4080 quoddam
610 4017 680 4066 inter
695 4015 863 4067 adversarios
877 4017 989 4065 Henrici
1002 4021 1123 4067 exortum
1138 4023 1204 4070 erat.
1231 4019 1273 4069 cf.
1288 4020 1364 4086 epist.

244 4085 328 4145 illam,
349 4102 427 4150 quam
441 4088 591 4139 Willclmus
607 4090 692 4140 abbas
705 4090 906 4155 Hirsaugiensis
924 4090 960 4139 ad
973 4090 1165 4142 Herimannum
1185 4107 1278 4158 regem
1295 4094 1366 4143 misit

245 4157 419 4224 (Sudendorf,
436 4162 551 4226 Registr.
567 4163 609 4214 15.
625 4162 679 4227 16).
709 4164 804 4213 Mirum
821 4169 870 4227 est,
890 4163 962 4229 quod
976 4162 1140 4216 Waltramus
1160 4166 1217 4217 eius
1234 4166 1365 4233 epistulae

247 4235 407 4282 mentionem
436 4251 488 4284 non
516 4236 590 4286 facit.
685 4237 712 4300 2)
742 4236 783 4289 cf.
808 4236 936 4287 Bemoldi
959 4237 1030 4289 Ann.
1058 4237 1118 4302 (SS.
1137 4239 1171 4302 V,
1197 4239 1261 4290 442.
1289 4239 1365 4305 443).

246 4305 275 4371 3)
296 4307 442 4358 Hinscbius
463 4326 489 4374 p.
511 4309 575 4359 637.
