<?xml version="1.0" encoding="UTF-8"?>
<!DOCTYPE html PUBLIC "-//W3C//DTD XHTML 1.0 Transitional//EN"
    "http://www.w3.org/TR/xhtml1/DTD/xhtml1-transitional.dtd">
<html xmlns="http://www.w3.org/1999/xhtml" xml:lang="en" lang="en">
 <head>
  <title>
</title>
<meta http-equiv="Content-Type" content="text/html;charset=utf-8" />
  <meta name='ocr-system' content='tesseract 3.04.00' />
  <meta name='ocr-capabilities' content='ocr_page ocr_carea ocr_par ocr_line ocrx_word'/>
</head>
<body>
  <div class='ocr_page' id='page_1' title='image "./waltramiutvidet00schwgoog_0103.png"; bbox 0 0 2812 4830; ppageno 0'>
   <div class='ocr_carea' id='block_1_1' title="bbox 243 369 1175 423">
    <p class='ocr_par' dir='ltr' id='par_1_1' title="bbox 243 369 1175 423">
     <span class='ocr_line' id='line_1_1' title="bbox 243 369 1175 423; baseline -0.001 -1"><span class='ocrx_word' id='word_1_1' title='bbox 243 373 278 423; x_wconf 77' lang='lat' dir='ltr'><strong>ts</strong></span> <span class='ocrx_word' id='word_1_2' title='bbox 425 373 477 422; x_wconf 78' lang='lat' dir='ltr'><strong>Da</strong></span> <span class='ocrx_word' id='word_1_3' title='bbox 496 370 655 423; x_wconf 72' lang='lat' dir='ltr'><strong>{Imm</strong></span> <span class='ocrx_word' id='word_1_4' title='bbox 673 369 877 422; x_wconf 76' lang='lat' dir='ltr'><strong>Echusm:</strong></span> <span class='ocrx_word' id='word_1_5' title='bbox 897 369 1175 422; x_wconf 63' lang='lat' dir='ltr'><strong>consulturum.</strong></span> 
     </span>
    </p>
   </div>
   <div class='ocr_carea' id='block_1_2' title="bbox 168 536 1359 2817">
    <p class='ocr_par' dir='ltr' id='par_1_2' title="bbox 168 536 1359 1280">
     <span class='ocr_line' id='line_1_2' title="bbox 168 536 1358 624; baseline -0.002 -18"><span class='ocrx_word' id='word_1_6' title='bbox 168 538 462 614; x_wconf 62' lang='lat' dir='ltr'><strong>mssChuonradus</strong></span> <span class='ocrx_word' id='word_1_7' title='bbox 490 562 600 603; x_wconf 89' lang='lat' dir='ltr'><strong>comes</strong></span> <span class='ocrx_word' id='word_1_8' title='bbox 625 543 659 602; x_wconf 92' lang='lat' dir='ltr'><strong>in</strong></span> <span class='ocrx_word' id='word_1_9' title='bbox 681 537 812 624; x_wconf 92' lang='lat' dir='ltr'><strong>publico</strong></span> <span class='ocrx_word' id='word_1_10' title='bbox 834 537 968 623; x_wconf 86' lang='lat' dir='ltr'><strong>praelio,</strong></span> <span class='ocrx_word' id='word_1_11' title='bbox 989 538 1068 602; x_wconf 91' lang='lat' dir='ltr'><strong>dum</strong></span> <span class='ocrx_word' id='word_1_12' title='bbox 1088 549 1203 622; x_wconf 88' lang='lat' dir='ltr'><strong>ageret</strong></span> <span class='ocrx_word' id='word_1_13' title='bbox 1223 536 1269 602; x_wconf 90' lang='lat' dir='ltr'><strong>ibi</strong></span> <span class='ocrx_word' id='word_1_14' title='bbox 1292 549 1358 604; x_wconf 85' lang='lat' dir='ltr'><strong>stre-</strong></span> 
     </span>
     <span class='ocr_line' id='line_1_3' title="bbox 244 623 1359 708; baseline -0.002 -18"><span class='ocrx_word' id='word_1_15' title='bbox 244 626 392 690; x_wconf 89' lang='lat' dir='ltr'><strong>nuissimi</strong></span> <span class='ocrx_word' id='word_1_16' title='bbox 415 623 525 688; x_wconf 84' lang='lat' dir='ltr'><strong>militis</strong></span> <span class='ocrx_word' id='word_1_17' title='bbox 548 624 689 688; x_wconf 90' lang='lat' dir='ltr'><strong>officium</strong></span> <span class='ocrx_word' id='word_1_18' title='bbox 709 644 769 708; x_wconf 92' lang='lat' dir='ltr'><strong>pro</strong></span> <span class='ocrx_word' id='word_1_19' title='bbox 783 624 976 707; x_wconf 80' lang='lat' dir='ltr'>imperatore</span> <span class='ocrx_word' id='word_1_20' title='bbox 991 623 1168 688; x_wconf 87' lang='lat' dir='ltr'><strong>Henricho.</strong></span> <span class='ocrx_word' id='word_1_21' title='bbox 1204 624 1252 686; x_wconf 83' lang='lat' dir='ltr'><strong>At</strong></span> <span class='ocrx_word' id='word_1_22' title='bbox 1270 623 1359 688; x_wconf 80' lang='grc'>110101</span> 
     </span>
     <span class='ocr_line' id='line_1_4' title="bbox 245 706 1359 807; baseline -0.003 -33"><span class='ocrx_word' id='word_1_23' title='bbox 245 711 315 774; x_wconf 85' lang='lat' dir='ltr'><strong>cius</strong></span> <span class='ocrx_word' id='word_1_24' title='bbox 336 709 411 774; x_wconf 92' lang='lat' dir='ltr'><strong>Udo</strong></span> <span class='ocrx_word' id='word_1_25' title='bbox 440 709 612 807; x_wconf 86' lang='lat' dir='ltr'><strong>episcopus</strong></span> <span class='ocrx_word' id='word_1_26' title='bbox 641 721 755 793; x_wconf 85' lang='lat' dir='ltr'><strong>captus</strong></span> <span class='ocrx_word' id='word_1_27' title='bbox 783 718 816 771; x_wconf 86' lang='lat' dir='ltr'><strong>et</strong></span> <span class='ocrx_word' id='word_1_28' title='bbox 840 706 1020 771; x_wconf 85' lang='lat' dir='ltr'><strong>vinculatus</strong></span> <span class='ocrx_word' id='word_1_29' title='bbox 1042 706 1084 772; x_wconf 90' lang='lat' dir='ltr'><strong>ab</strong></span> <span class='ocrx_word' id='word_1_30' title='bbox 1105 707 1265 792; x_wconf 82' lang='lat' dir='ltr'><strong>Egberdo</strong></span> <span class='ocrx_word' id='word_1_31' title='bbox 1286 729 1359 772; x_wconf 89' lang='lat' dir='ltr'><strong>mar-</strong></span> 
     </span>
     <span class='ocr_line' id='line_1_5' title="bbox 246 790 1358 877; baseline -0.003 -18"><span class='ocrx_word' id='word_1_32' title='bbox 246 794 361 859; x_wconf 83' lang='lat' dir='ltr'><strong>chione</strong></span> <span class='ocrx_word' id='word_1_33' title='bbox 382 795 535 858; x_wconf 80' lang='lat' dir='ltr'><strong>sustinuit</strong></span> <span class='ocrx_word' id='word_1_34' title='bbox 556 791 672 856; x_wconf 90' lang='lat' dir='ltr'><strong>multos</strong></span> <span class='ocrx_word' id='word_1_35' title='bbox 693 802 726 857; x_wconf 89' lang='lat' dir='ltr'><strong>et</strong></span> <span class='ocrx_word' id='word_1_36' title='bbox 747 790 915 855; x_wconf 89' lang='lat' dir='ltr'><strong>diuturnos</strong></span> <span class='ocrx_word' id='word_1_37' title='bbox 930 794 1091 856; x_wconf 86' lang='lat' dir='ltr'><strong>cruciatus</strong></span> <span class='ocrx_word' id='word_1_38' title='bbox 1112 793 1174 857; x_wconf 91' lang='lat' dir='ltr'><strong>snb</strong></span> <span class='ocrx_word' id='word_1_39' title='bbox 1197 793 1358 877; x_wconf 86' lang='lat' dir='ltr'><strong>tyrannica</strong></span> 
     </span>
     <span class='ocr_line' id='line_1_6' title="bbox 244 875 1358 961; baseline -0.001 -20"><span class='ocrx_word' id='word_1_40' title='bbox 244 878 331 943; x_wconf 88' lang='lat' dir='ltr'><strong>illius</strong></span> <span class='ocrx_word' id='word_1_41' title='bbox 358 876 554 957; x_wconf 90' lang='lat' dir='ltr'><strong>crudelitate,</strong></span> <span class='ocrx_word' id='word_1_42' title='bbox 582 876 685 941; x_wconf 88' lang='lat' dir='ltr'><strong>donec</strong></span> <span class='ocrx_word' id='word_1_43' title='bbox 711 877 921 961; x_wconf 77' lang='lat' dir='ltr'>promisisset,</span> <span class='ocrx_word' id='word_1_44' title='bbox 942 875 1171 942; x_wconf 89' lang='lat' dir='ltr'><strong>Hildinisheim</strong></span> <span class='ocrx_word' id='word_1_45' title='bbox 1202 878 1358 942; x_wconf 87' lang='lat' dir='ltr'><strong>civitatem</strong></span> 
     </span>
     <span class='ocr_line' id='line_1_7' title="bbox 245 959 1358 1049; baseline -0.002 -22"><span class='ocrx_word' id='word_1_46' title='bbox 245 964 451 1048; x_wconf 72' lang='lat' dir='ltr'><strong>episcopatus</strong></span> <span class='ocrx_word' id='word_1_47' title='bbox 480 963 540 1042; x_wconf 92' lang='lat' dir='ltr'><strong>sui,</strong></span> <span class='ocrx_word' id='word_1_48' title='bbox 567 983 666 1049; x_wconf 91' lang='lat' dir='ltr'><strong>quam</strong></span> <span class='ocrx_word' id='word_1_49' title='bbox 694 982 753 1044; x_wconf 90' lang='lat' dir='ltr'><strong>per</strong></span> <span class='ocrx_word' id='word_1_50' title='bbox 780 959 899 1024; x_wconf 88' lang='lat' dir='ltr'><strong>multos</strong></span> <span class='ocrx_word' id='word_1_51' title='bbox 929 960 999 1025; x_wconf 91' lang='lat' dir='ltr'><strong>dies</strong></span> <span class='ocrx_word' id='word_1_52' title='bbox 1028 961 1115 1025; x_wconf 91' lang='lat' dir='ltr'><strong>idem</strong></span> <span class='ocrx_word' id='word_1_53' title='bbox 1143 961 1292 1025; x_wconf 90' lang='lat' dir='ltr'><strong>marchio</strong></span> <span class='ocrx_word' id='word_1_54' title='bbox 1312 983 1358 1046; x_wconf 90' lang='lat' dir='ltr'><strong>op·</strong></span> 
     </span>
     <span class='ocr_line' id='line_1_8' title="bbox 245 1043 1358 1146; baseline 0.001 -37"><span class='ocrx_word' id='word_1_55' title='bbox 245 1056 456 1146; x_wconf 75' lang='lat' dir='ltr'><strong>pugnaverat,</strong></span> <span class='ocrx_word' id='word_1_56' title='bbox 479 1068 514 1110; x_wconf 92' lang='lat' dir='ltr'><strong>se</strong></span> <span class='ocrx_word' id='word_1_57' title='bbox 535 1045 729 1110; x_wconf 87' lang='lat' dir='ltr'><strong>traditurum</strong></span> <span class='ocrx_word' id='word_1_58' title='bbox 750 1067 837 1125; x_wconf 90' lang='lat' dir='ltr'><strong>esse;</strong></span> <span class='ocrx_word' id='word_1_59' title='bbox 860 1044 948 1129; x_wconf 90' lang='lat' dir='ltr'><strong>quod</strong></span> <span class='ocrx_word' id='word_1_60' title='bbox 968 1056 1076 1109; x_wconf 79' lang='grc'>100100</span> <span class='ocrx_word' id='word_1_61' title='bbox 1097 1067 1163 1109; x_wconf 91' lang='grc'><strong>000</strong></span> <span class='ocrx_word' id='word_1_62' title='bbox 1184 1046 1275 1126; x_wconf 88' lang='lat' dir='ltr'><strong>fecit,</strong></span> <span class='ocrx_word' id='word_1_63' title='bbox 1294 1043 1358 1110; x_wconf 83' lang='lat' dir='ltr'><strong>lieet</strong></span> 
     </span>
     <span class='ocr_line' id='line_1_9' title="bbox 244 1127 1357 1216; baseline 0 -22"><span class='ocrx_word' id='word_1_64' title='bbox 244 1130 298 1195; x_wconf 79' lang='lat' dir='ltr'><strong>ille</strong></span> <span class='ocrx_word' id='word_1_65' title='bbox 325 1141 481 1215; x_wconf 86' lang='lat' dir='ltr'><strong>tyrannus</strong></span> <span class='ocrx_word' id='word_1_66' title='bbox 508 1130 564 1193; x_wconf 91' lang='lat' dir='ltr'><strong>uni</strong></span> <span class='ocrx_word' id='word_1_67' title='bbox 593 1129 634 1194; x_wconf 87' lang='lat' dir='ltr'><strong>de</strong></span> <span class='ocrx_word' id='word_1_68' title='bbox 663 1130 747 1193; x_wconf 85' lang='lat' dir='ltr'><strong>datis</strong></span> <span class='ocrx_word' id='word_1_69' title='bbox 777 1127 944 1194; x_wconf 88' lang='lat' dir='ltr'><strong>obsidibus</strong></span> <span class='ocrx_word' id='word_1_70' title='bbox 971 1141 1069 1215; x_wconf 88' lang='lat' dir='ltr'><strong>caput</strong></span> <span class='ocrx_word' id='word_1_71' title='bbox 1089 1131 1256 1216; x_wconf 85' lang='lat' dir='ltr'><strong>amputari</strong></span> <span class='ocrx_word' id='word_1_72' title='bbox 1277 1151 1357 1216; x_wconf 81' lang='lat' dir='ltr'><strong>prae</strong></span> 
     </span>
     <span class='ocr_line' id='line_1_10' title="bbox 244 1216 375 1280; baseline -0.008 0"><span class='ocrx_word' id='word_1_73' title='bbox 244 1237 281 1280; x_wconf 89' lang='lat' dir='ltr'><strong>ce</strong></span> <span class='ocrx_word' id='word_1_74' title='bbox 305 1216 375 1280; x_wconf 88' lang='lat' dir='ltr'><strong>erit.</strong></span> 
     </span>
    </p>

    <p class='ocr_par' dir='ltr' id='par_1_3' title="bbox 176 1237 1358 2817">
     <span class='ocr_line' id='line_1_11' title="bbox 176 1237 1356 1383; baseline 0.003 -25"><span class='ocrx_word' id='word_1_75' title='bbox 176 1317 234 1372; x_wconf 80' lang='lat' dir='ltr'>(xx)</span> <span class='ocrx_word' id='word_1_76' title='bbox 281 1237 304 1302; x_wconf 78' lang='lat' dir='ltr'>p</span> <span class='ocrx_word' id='word_1_77' title='bbox 330 1298 380 1362; x_wconf 89' lang='grc'><strong>19.</strong></span> <span class='ocrx_word' id='word_1_78' title='bbox 420 1296 602 1377; x_wconf 81' lang='lat' dir='ltr'><strong>Celebrate,</strong></span> <span class='ocrx_word' id='word_1_79' title='bbox 624 1298 710 1362; x_wconf 90' lang='lat' dir='ltr'><strong>sicut</strong></span> <span class='ocrx_word' id='word_1_80' title='bbox 731 1297 853 1362; x_wconf 86' lang='lat' dir='ltr'><strong>dictum</strong></span> <span class='ocrx_word' id='word_1_81' title='bbox 876 1307 936 1377; x_wconf 86' lang='lat' dir='ltr'><strong>est,</strong></span> <span class='ocrx_word' id='word_1_82' title='bbox 957 1307 1117 1363; x_wconf 84' lang='lat' dir='ltr'><strong>conventu</strong></span> <span class='ocrx_word' id='word_1_83' title='bbox 1138 1300 1356 1383; x_wconf 89' lang='lat' dir='ltr'><strong>episcoporum</strong></span> 
     </span>
     <span class='ocr_line' id='line_1_12' title="bbox 244 1380 1357 1467; baseline -0.003 -20"><span class='ocrx_word' id='word_1_84' title='bbox 244 1394 343 1467; x_wconf 88' lang='lat' dir='ltr'><strong>atque</strong></span> <span class='ocrx_word' id='word_1_85' title='bbox 356 1383 551 1467; x_wconf 84' lang='lat' dir='ltr'><strong>principum,</strong></span> <span class='ocrx_word' id='word_1_86' title='bbox 567 1382 661 1445; x_wconf 86' lang='lat' dir='ltr'><strong>citius</strong></span> <span class='ocrx_word' id='word_1_87' title='bbox 676 1381 826 1447; x_wconf 88' lang='lat' dir='ltr'><strong>abierunt</strong></span> <span class='ocrx_word' id='word_1_88' title='bbox 840 1380 987 1446; x_wconf 79' lang='lat' dir='ltr'><strong>catholici</strong></span> <span class='ocrx_word' id='word_1_89' title='bbox 1002 1403 1023 1444; x_wconf 93' lang='lat' dir='ltr'><strong>a</strong></span> <span class='ocrx_word' id='word_1_90' title='bbox 1037 1380 1175 1446; x_wconf 90' lang='lat' dir='ltr'><strong>concilio</strong></span> <span class='ocrx_word' id='word_1_91' title='bbox 1191 1382 1357 1466; x_wconf 85' lang='lat' dir='ltr'><strong>mahgnan·</strong></span> 
     </span>
     <span class='ocr_line' id='line_1_13' title="bbox 244 1465 1357 1552; baseline -0.002 -22"><span class='ocrx_word' id='word_1_92' title='bbox 244 1469 335 1548; x_wconf 83' lang='lat' dir='ltr'><strong>tium,</strong></span> <span class='ocrx_word' id='word_1_93' title='bbox 356 1489 398 1531; x_wconf 87' lang='lat' dir='ltr'><strong>ne</strong></span> <span class='ocrx_word' id='word_1_94' title='bbox 419 1467 501 1531; x_wconf 85' lang='lat' dir='ltr'><strong>forte</strong></span> <span class='ocrx_word' id='word_1_95' title='bbox 523 1465 702 1531; x_wconf 87' lang='lat' dir='ltr'><strong>inciderent</strong></span> <span class='ocrx_word' id='word_1_96' title='bbox 723 1468 756 1530; x_wconf 92' lang='lat' dir='ltr'><strong>in</strong></span> <span class='ocrx_word' id='word_1_97' title='bbox 770 1487 885 1529; x_wconf 89' lang='lat' dir='ltr'><strong>manus</strong></span> <span class='ocrx_word' id='word_1_98' title='bbox 900 1467 1103 1529; x_wconf 87' lang='lat' dir='ltr'><strong>inimicorum</strong></span> <span class='ocrx_word' id='word_1_99' title='bbox 1126 1488 1279 1548; x_wconf 73' lang='lat' dir='ltr'><strong>suorum,</strong></span> <span class='ocrx_word' id='word_1_100' title='bbox 1301 1466 1357 1552; x_wconf 92' lang='lat' dir='ltr'><strong>qui-</strong></span> 
     </span>
     <span class='ocr_line' id='line_1_14' title="bbox 245 1549 1357 1637; baseline -0.003 -22"><span class='ocrx_word' id='word_1_101' title='bbox 245 1551 307 1615; x_wconf 87' lang='lat' dir='ltr'><strong>bus</strong></span> <span class='ocrx_word' id='word_1_102' title='bbox 330 1551 416 1616; x_wconf 90' lang='lat' dir='ltr'><strong>enim</strong></span> <span class='ocrx_word' id='word_1_103' title='bbox 438 1561 616 1636; x_wconf 84' lang='lat' dir='ltr'><strong>parcerent,</strong></span> <span class='ocrx_word' id='word_1_104' title='bbox 640 1552 696 1635; x_wconf 92' lang='lat' dir='ltr'><strong>qui</strong></span> <span class='ocrx_word' id='word_1_105' title='bbox 718 1551 757 1615; x_wconf 91' lang='lat' dir='ltr'><strong>de</strong></span> <span class='ocrx_word' id='word_1_106' title='bbox 780 1572 911 1614; x_wconf 85' lang='lat' dir='ltr'><strong>suorum</strong></span> <span class='ocrx_word' id='word_1_107' title='bbox 926 1549 1026 1614; x_wconf 87' lang='lat' dir='ltr'><strong>caede</strong></span> <span class='ocrx_word' id='word_1_108' title='bbox 1048 1551 1180 1637; x_wconf 92' lang='lat' dir='ltr'><strong>quidem</strong></span> <span class='ocrx_word' id='word_1_109' title='bbox 1205 1553 1357 1616; x_wconf 90' lang='lat' dir='ltr'><strong>sociorum</strong></span> 
     </span>
     <span class='ocr_line' id='line_1_15' title="bbox 246 1633 1357 1719; baseline -0.002 -20"><span class='ocrx_word' id='word_1_110' title='bbox 246 1657 316 1699; x_wconf 87' lang='lat' dir='ltr'><strong>sese</strong></span> <span class='ocrx_word' id='word_1_111' title='bbox 342 1656 408 1698; x_wconf 86' lang='lat' dir='ltr'><strong>non</strong></span> <span class='ocrx_word' id='word_1_112' title='bbox 436 1633 689 1699; x_wconf 78' lang='lat' dir='ltr'><strong>abstinuissent?</strong></span> <span class='ocrx_word' id='word_1_113' title='bbox 731 1634 796 1700; x_wconf 87' lang='lat' dir='ltr'><strong>Sed</strong></span> <span class='ocrx_word' id='word_1_114' title='bbox 823 1635 872 1698; x_wconf 89' lang='lat' dir='ltr'><strong>his</strong></span> <span class='ocrx_word' id='word_1_115' title='bbox 902 1636 949 1697; x_wconf 87' lang='lat' dir='ltr'><strong>ita</strong></span> <span class='ocrx_word' id='word_1_116' title='bbox 969 1635 1081 1719; x_wconf 87' lang='lat' dir='ltr'><strong>gestis,</strong></span> <span class='ocrx_word' id='word_1_117' title='bbox 1102 1635 1224 1699; x_wconf 89' lang='lat' dir='ltr'><strong>deinde</strong></span> <span class='ocrx_word' id='word_1_118' title='bbox 1246 1635 1357 1699; x_wconf 86' lang='lat' dir='ltr'><strong>indicta</strong></span> 
     </span>
     <span class='ocr_line' id='line_1_16' title="bbox 246 1717 1357 1817; baseline -0.002 -33"><span class='ocrx_word' id='word_1_119' title='bbox 246 1729 296 1784; x_wconf 86' lang='lat' dir='ltr'><strong>est</strong></span> <span class='ocrx_word' id='word_1_120' title='bbox 328 1718 470 1804; x_wconf 87' lang='lat' dir='ltr'><strong>synodus</strong></span> <span class='ocrx_word' id='word_1_121' title='bbox 502 1718 590 1805; x_wconf 90' lang='lat' dir='ltr'><strong>apud</strong></span> <span class='ocrx_word' id='word_1_122' title='bbox 622 1719 822 1817; x_wconf 78' lang='lat' dir='ltr'><strong>Mogontiam</strong></span> <span class='ocrx_word' id='word_1_123' title='bbox 859 1717 1002 1783; x_wconf 90' lang='lat' dir='ltr'><strong>secunda</strong></span> <span class='ocrx_word' id='word_1_124' title='bbox 1032 1717 1263 1784; x_wconf 87' lang='lat' dir='ltr'><strong>hebdomada¹</strong></span> <span class='ocrx_word' id='word_1_125' title='bbox 1295 1727 1357 1804; x_wconf 86' lang='lat' dir='ltr'><strong>post</strong></span> 
     </span>
     <span class='ocr_line' id='line_1_17' title="bbox 246 1801 1356 1889; baseline -0.002 -22"><span class='ocrx_word' id='word_1_126' title='bbox 246 1801 369 1889; x_wconf 83' lang='lat' dir='ltr'><strong>pascha</strong></span> <span class='ocrx_word' id='word_1_127' title='bbox 390 1804 567 1868; x_wconf 90' lang='lat' dir='ltr'><strong>secundum</strong></span> <span class='ocrx_word' id='word_1_128' title='bbox 590 1805 853 1867; x_wconf 84' lang='lat' dir='ltr'><strong>constitutionem</strong></span> <span class='ocrx_word' id='word_1_129' title='bbox 874 1804 960 1866; x_wconf 90' lang='lat' dir='ltr'><strong>sedis</strong></span> <span class='ocrx_word' id='word_1_130' title='bbox 981 1802 1191 1889; x_wconf 86' lang='lat' dir='ltr'><strong>apostolicae,</strong></span> <span class='ocrx_word' id='word_1_131' title='bbox 1214 1803 1356 1869; x_wconf 83' lang='grc'>0111000-</span> 
     </span>
     <span class='ocr_line' id='line_1_18' title="bbox 246 1887 1356 1986; baseline -0.002 -35"><span class='ocrx_word' id='word_1_132' title='bbox 246 1897 403 1953; x_wconf 87' lang='lat' dir='ltr'><strong>venerunt</strong></span> <span class='ocrx_word' id='word_1_133' title='bbox 435 1910 508 1952; x_wconf 89' lang='lat' dir='ltr'><strong>cum</strong></span> <span class='ocrx_word' id='word_1_134' title='bbox 540 1889 731 1972; x_wconf 84' lang='lat' dir='ltr'><strong>imperatore</strong></span> <span class='ocrx_word' id='word_1_135' title='bbox 762 1887 861 1986; x_wconf 74' lang='lat' dir='ltr'><strong>legati</strong></span> <span class='ocrx_word' id='word_1_136' title='bbox 889 1887 992 1972; x_wconf 85' lang='lat' dir='ltr'><strong>ipsius</strong></span> <span class='ocrx_word' id='word_1_137' title='bbox 1022 1897 1250 1954; x_wconf 85' lang='lat' dir='ltr'><strong>sacrosanctae</strong></span> <span class='ocrx_word' id='word_1_138' title='bbox 1283 1887 1356 1952; x_wconf 87' lang='lat' dir='ltr'><strong>sedis</strong></span> 
     </span>
     <span class='ocr_line' id='line_1_19' title="bbox 246 1971 1356 2059; baseline -0.001 -24"><span class='ocrx_word' id='word_1_139' title='bbox 246 1972 452 2059; x_wconf 85' lang='lat' dir='ltr'><strong>apostolicae,</strong></span> <span class='ocrx_word' id='word_1_140' title='bbox 474 1972 589 2037; x_wconf 87' lang='lat' dir='ltr'><strong>Petrus</strong></span> <span class='ocrx_word' id='word_1_141' title='bbox 610 1971 734 2037; x_wconf 91' lang='lat' dir='ltr'><strong>scilicet</strong></span> <span class='ocrx_word' id='word_1_142' title='bbox 754 1993 927 2057; x_wconf 80' lang='lat' dir='ltr'><strong>episcopus</strong></span> <span class='ocrx_word' id='word_1_143' title='bbox 947 1972 1135 2036; x_wconf 88' lang='lat' dir='ltr'><strong>Portuensis</strong></span> <span class='ocrx_word' id='word_1_144' title='bbox 1157 1973 1313 2038; x_wconf 89' lang='lat' dir='ltr'><strong>ecclesiae</strong></span> <span class='ocrx_word' id='word_1_145' title='bbox 1331 1979 1356 2034; x_wconf 92' lang='lat' dir='ltr'><strong>et</strong></span> 
     </span>
     <span class='ocr_line' id='line_1_20' title="bbox 247 2053 1356 2123; baseline -0.003 -2"><span class='ocrx_word' id='word_1_146' title='bbox 247 2056 311 2121; x_wconf 91' lang='lat' dir='ltr'><strong>duo</strong></span> <span class='ocrx_word' id='word_1_147' title='bbox 341 2055 518 2121; x_wconf 84' lang='lat' dir='ltr'><strong>cardinales</strong></span> <span class='ocrx_word' id='word_1_148' title='bbox 543 2056 708 2120; x_wconf 87' lang='lat' dir='ltr'><strong>Romanae</strong></span> <span class='ocrx_word' id='word_1_149' title='bbox 738 2053 903 2123; x_wconf 85' lang='lat' dir='ltr'><strong>ecclesias.</strong></span> <span class='ocrx_word' id='word_1_150' title='bbox 946 2055 1069 2120; x_wconf 88' lang='lat' dir='ltr'><strong>Aderat</strong></span> <span class='ocrx_word' id='word_1_151' title='bbox 1097 2058 1196 2122; x_wconf 87' lang='lat' dir='ltr'><strong>etiam</strong></span> <span class='ocrx_word' id='word_1_152' title='bbox 1225 2057 1356 2122; x_wconf 90' lang='lat' dir='ltr'><strong>omnium</strong></span> 
     </span>
     <span class='ocr_line' id='line_1_21' title="bbox 247 2139 1356 2226; baseline -0.004 -20"><span class='ocrx_word' id='word_1_153' title='bbox 247 2142 472 2226; x_wconf 89' lang='lat' dir='ltr'><strong>episcoporum</strong></span> <span class='ocrx_word' id='word_1_154' title='bbox 501 2161 677 2205; x_wconf 87' lang='lat' dir='ltr'><strong>consensus</strong></span> <span class='ocrx_word' id='word_1_155' title='bbox 705 2141 774 2205; x_wconf 91' lang='lat' dir='ltr'><strong>sive</strong></span> <span class='ocrx_word' id='word_1_156' title='bbox 804 2139 845 2204; x_wconf 92' lang='grc'><strong>(10</strong></span> <span class='ocrx_word' id='word_1_157' title='bbox 873 2139 988 2204; x_wconf 86' lang='lat' dir='ltr'><strong>Italia²</strong></span> <span class='ocrx_word' id='word_1_158' title='bbox 1017 2142 1086 2205; x_wconf 88' lang='lat' dir='ltr'><strong>sive</strong></span> <span class='ocrx_word' id='word_1_159' title='bbox 1112 2141 1154 2205; x_wconf 91' lang='lat' dir='ltr'><strong>de</strong></span> <span class='ocrx_word' id='word_1_160' title='bbox 1183 2142 1302 2222; x_wconf 82' lang='lat' dir='ltr'><strong>Galba,</strong></span> <span class='ocrx_word' id='word_1_161' title='bbox 1329 2140 1356 2202; x_wconf 91' lang='lat' dir='ltr'><strong>in</strong></span> 
     </span>
     <span class='ocr_line' id='line_1_22' title="bbox 247 2223 1356 2312; baseline -0.002 -24"><span class='ocrx_word' id='word_1_162' title='bbox 247 2246 385 2312; x_wconf 90' lang='lat' dir='ltr'><strong>quorum</strong></span> <span class='ocrx_word' id='word_1_163' title='bbox 412 2223 543 2288; x_wconf 89' lang='lat' dir='ltr'><strong>alternis</strong></span> <span class='ocrx_word' id='word_1_164' title='bbox 574 2224 723 2290; x_wconf 89' lang='lat' dir='ltr'><strong>cordibus</strong></span> <span class='ocrx_word' id='word_1_165' title='bbox 744 2225 826 2290; x_wconf 79' lang='lat' dir='ltr'><strong>vivit</strong></span> <span class='ocrx_word' id='word_1_166' title='bbox 847 2223 999 2309; x_wconf 87' lang='lat' dir='ltr'><strong>spiritalis</strong></span> <span class='ocrx_word' id='word_1_167' title='bbox 1020 2246 1111 2289; x_wconf 88' lang='lat' dir='ltr'><strong>amor</strong></span> <span class='ocrx_word' id='word_1_168' title='bbox 1133 2233 1166 2291; x_wconf 87' lang='lat' dir='ltr'><strong>et</strong></span> <span class='ocrx_word' id='word_1_169' title='bbox 1187 2228 1303 2312; x_wconf 85' lang='lat' dir='ltr'><strong>gratia,</strong></span> <span class='ocrx_word' id='word_1_170' title='bbox 1324 2223 1356 2287; x_wconf 91' lang='grc'><strong>(10</strong></span> 
     </span>
     <span class='ocr_line' id='line_1_23' title="bbox 248 2307 1356 2395; baseline -0.001 -23"><span class='ocrx_word' id='word_1_171' title='bbox 248 2309 396 2395; x_wconf 87' lang='lat' dir='ltr'><strong>qualibus</strong></span> <span class='ocrx_word' id='word_1_172' title='bbox 420 2310 532 2374; x_wconf 86' lang='lat' dir='ltr'><strong>scribit</strong></span> <span class='ocrx_word' id='word_1_173' title='bbox 553 2319 682 2373; x_wconf 89' lang='lat' dir='ltr'><strong>sanctus</strong></span> <span class='ocrx_word' id='word_1_174' title='bbox 706 2307 889 2394; x_wconf 74' lang='lat' dir='ltr'><strong>Cyprianus</strong></span> <span class='ocrx_word' id='word_1_175' title='bbox 912 2310 1121 2395; x_wconf 56' lang='lat' dir='ltr'><strong>episcopum:</strong></span> <span class='ocrx_word' id='word_1_176' title='bbox 1160 2309 1356 2388; x_wconf 66' lang='grc'>0011010010-</span> 
     </span>
     <span class='ocr_line' id='line_1_24' title="bbox 248 2395 1358 2478; baseline 0 -22"><span class='ocrx_word' id='word_1_177' title='bbox 248 2395 373 2478; x_wconf 71' lang='grc'>11111008,</span> <span class='ocrx_word' id='word_1_178' title='bbox 395 2417 482 2460; x_wconf 81' lang='lat' dir='ltr'><strong>tersere</strong></span> <span class='ocrx_word' id='word_1_179' title='bbox 492 2409 608 2473; x_wconf 78' lang='lat' dir='ltr'><strong>fimiter</strong></span> <span class='ocrx_word' id='word_1_180' title='bbox 627 2413 651 2459; x_wconf 86' lang='grc'><strong>01</strong></span> <span class='ocrx_word' id='word_1_181' title='bbox 668 2407 808 2459; x_wconf 77' lang='lat' dir='ltr'><strong>uindicare</strong></span> <span class='ocrx_word' id='word_1_182' title='bbox 827 2408 949 2459; x_wconf 81' lang='lat' dir='ltr'><strong>debemus</strong></span> <span class='ocrx_word' id='word_1_183' title='bbox 968 2409 1149 2459; x_wconf 71' lang='lat' dir='ltr'><strong>maximenon</strong></span> <span class='ocrx_word' id='word_1_184' title='bbox 1172 2407 1298 2474; x_wconf 76' lang='lat' dir='ltr'><strong>episcopi,</strong></span> <span class='ocrx_word' id='word_1_185' title='bbox 1319 2405 1358 2473; x_wconf 80' lang='lat' dir='ltr'><strong>qui</strong></span> 
     </span>
     <span class='ocr_line' id='line_1_25' title="bbox 247 2479 1358 2547; baseline -0.001 -14"><span class='ocrx_word' id='word_1_186' title='bbox 247 2482 276 2533; x_wconf 78' lang='grc'><strong>10</strong></span> <span class='ocrx_word' id='word_1_187' title='bbox 302 2480 411 2534; x_wconf 84' lang='lat' dir='ltr'><strong>ecclesia</strong></span> <span class='ocrx_word' id='word_1_188' title='bbox 428 2481 623 2546; x_wconf 77' lang='lat' dir='ltr'><strong>praesidemus,</strong></span> <span class='ocrx_word' id='word_1_189' title='bbox 649 2489 679 2531; x_wconf 84' lang='grc'><strong>01</strong></span> <span class='ocrx_word' id='word_1_190' title='bbox 703 2482 881 2547; x_wconf 76' lang='lat' dir='ltr'><strong>episcopatum</strong></span> <span class='ocrx_word' id='word_1_191' title='bbox 899 2499 1002 2547; x_wconf 79' lang='lat' dir='ltr'><strong>quoque</strong></span> <span class='ocrx_word' id='word_1_192' title='bbox 1019 2498 1104 2532; x_wconf 78' lang='grc'>101001</span> <span class='ocrx_word' id='word_1_193' title='bbox 1123 2490 1204 2546; x_wconf 83' lang='lat' dir='ltr'><strong>atque</strong></span> <span class='ocrx_word' id='word_1_194' title='bbox 1222 2479 1358 2534; x_wconf 72' lang='lat' dir='ltr'><strong>indivisum</strong></span> 
     </span>
     <span class='ocr_line' id='line_1_26' title="bbox 243 2547 1358 2635; baseline -0.001 -21"><span class='ocrx_word' id='word_1_195' title='bbox 243 2564 394 2630; x_wconf 71' lang='grc'>1010000.</span> <span class='ocrx_word' id='word_1_196' title='bbox 419 2547 652 2612; x_wconf 87' lang='lat' dir='ltr'><strong>Praesidebant</strong></span> <span class='ocrx_word' id='word_1_197' title='bbox 666 2570 793 2635; x_wconf 92' lang='lat' dir='ltr'><strong>quoque</strong></span> <span class='ocrx_word' id='word_1_198' title='bbox 808 2549 882 2612; x_wconf 91' lang='lat' dir='ltr'><strong>huic</strong></span> <span class='ocrx_word' id='word_1_199' title='bbox 898 2571 913 2612; x_wconf 91' lang='lat' dir='ltr'><strong>s</strong></span> <span class='ocrx_word' id='word_1_200' title='bbox 960 2549 1217 2614; x_wconf 86' lang='lat' dir='ltr'><strong>odoWezelinus</strong></span> <span class='ocrx_word' id='word_1_201' title='bbox 1232 2549 1358 2633; x_wconf 81' lang='lat' dir='ltr'><strong>Mogon-</strong></span> 
     </span>
     <span class='ocr_line' id='line_1_27' title="bbox 247 2630 1358 2718; baseline 0 -22"><span class='ocrx_word' id='word_1_202' title='bbox 247 2633 334 2696; x_wconf 87' lang='lat' dir='ltr'><strong>tinae</strong></span> <span class='ocrx_word' id='word_1_203' title='bbox 356 2630 509 2696; x_wconf 90' lang='lat' dir='ltr'><strong>ecclesiae</strong></span> <span class='ocrx_word' id='word_1_204' title='bbox 532 2631 792 2718; x_wconf 87' lang='lat' dir='ltr'><strong>archiepiscopus</strong></span> <span class='ocrx_word' id='word_1_205' title='bbox 815 2644 847 2698; x_wconf 91' lang='lat' dir='ltr'><strong>et</strong></span> <span class='ocrx_word' id='word_1_206' title='bbox 860 2632 913 2696; x_wconf 85' lang='lat' dir='ltr'><strong>Eil</strong></span> <span class='ocrx_word' id='word_1_207' title='bbox 937 2633 1030 2697; x_wconf 89' lang='lat' dir='ltr'><strong>erdus</strong></span> <span class='ocrx_word' id='word_1_208' title='bbox 1045 2633 1251 2697; x_wconf 83' lang='lat' dir='ltr'><strong>Trevirensis</strong></span> <span class='ocrx_word' id='word_1_209' title='bbox 1268 2632 1358 2697; x_wconf 89' lang='lat' dir='ltr'><strong>archi·</strong></span> 
     </span>
     <span class='ocr_line' id='line_1_28' title="bbox 249 2716 1358 2817; baseline 0 -38"><span class='ocrx_word' id='word_1_210' title='bbox 249 2716 421 2801; x_wconf 89' lang='lat' dir='ltr'><strong>episcopus</strong></span> <span class='ocrx_word' id='word_1_211' title='bbox 443 2724 539 2802; x_wconf 88' lang='lat' dir='ltr'><strong>atque</strong></span> <span class='ocrx_word' id='word_1_212' title='bbox 561 2717 734 2802; x_wconf 82' lang='lat' dir='ltr'><strong>Sigevinus</strong></span> <span class='ocrx_word' id='word_1_213' title='bbox 757 2716 956 2783; x_wconf 82' lang='lat' dir='ltr'><strong>Coloniensis</strong></span> <span class='ocrx_word' id='word_1_214' title='bbox 977 2717 1253 2817; x_wconf 88' lang='lat' dir='ltr'><strong>archiepiscopus.</strong></span> <span class='ocrx_word' id='word_1_215' title='bbox 1296 2717 1358 2780; x_wconf 88' lang='lat' dir='ltr'><strong>Lie-</strong></span> 
     </span>
    </p>
   </div>
   <div class='ocr_carea' id='block_1_3' title="bbox 249 2801 1359 3032">
    <p class='ocr_par' dir='ltr' id='par_1_4' title="bbox 249 2801 1359 3032">
     <span class='ocr_line' id='line_1_29' title="bbox 249 2801 1359 2888; baseline 0.003 -27"><span class='ocrx_word' id='word_1_216' title='bbox 249 2821 358 2863; x_wconf 87' lang='lat' dir='ltr'><strong>marus</strong></span> <span class='ocrx_word' id='word_1_217' title='bbox 387 2809 494 2865; x_wconf 89' lang='lat' dir='ltr'><strong>autem</strong></span> <span class='ocrx_word' id='word_1_218' title='bbox 523 2801 704 2865; x_wconf 85' lang='lat' dir='ltr'><strong>Premensis</strong></span> <span class='ocrx_word' id='word_1_219' title='bbox 733 2802 1014 2888; x_wconf 90' lang='lat' dir='ltr'><strong>archiepiscopus,</strong></span> <span class='ocrx_word' id='word_1_220' title='bbox 1045 2823 1120 2888; x_wconf 82' lang='lat' dir='ltr'><strong>quia</strong></span> <span class='ocrx_word' id='word_1_221' title='bbox 1148 2823 1216 2865; x_wconf 90' lang='lat' dir='ltr'><strong>non</strong></span> <span class='ocrx_word' id='word_1_222' title='bbox 1242 2808 1359 2888; x_wconf 87' lang='lat' dir='ltr'><strong>poterat</strong></span> 
     </span>
     <span class='ocr_line' id='line_1_30' title="bbox 249 2883 1359 3032; baseline 0.002 -85"><span class='ocrx_word' id='word_1_223' title='bbox 249 2883 371 2982; x_wconf 75' lang='lat' dir='ltr'><strong>adesse,</strong></span> <span class='ocrx_word' id='word_1_224' title='bbox 393 2886 524 2951; x_wconf 87' lang='lat' dir='ltr'><strong>miserat</strong></span> <span class='ocrx_word' id='word_1_225' title='bbox 537 2884 613 2950; x_wconf 88' lang='lat' dir='ltr'><strong>illuc</strong></span> <span class='ocrx_word' id='word_1_226' title='bbox 634 2885 757 2970; x_wconf 85' lang='lat' dir='ltr'><strong>legatos</strong></span> <span class='ocrx_word' id='word_1_227' title='bbox 772 2908 858 2969; x_wconf 88' lang='lat' dir='ltr'><strong>suos,</strong></span> <span class='ocrx_word' id='word_1_228' title='bbox 879 2908 938 2950; x_wconf 88' lang='lat' dir='ltr'><strong>sua</strong></span> <span class='ocrx_word' id='word_1_229' title='bbox 951 2887 1023 2951; x_wconf 89' lang='lat' dir='ltr'><strong>viee</strong></span> <span class='ocrx_word' id='word_1_230' title='bbox 1044 2886 1249 3032; x_wconf 74' lang='lat' dir='ltr'><strong>promittens,</strong></span> <span class='ocrx_word' id='word_1_231' title='bbox 1270 2907 1304 2949; x_wconf 88' lang='lat' dir='ltr'><strong>se</strong></span> <span class='ocrx_word' id='word_1_232' title='bbox 1324 2883 1359 2948; x_wconf 87' lang='lat' dir='ltr'><strong>ad</strong></span> 
     </span>
    </p>
   </div>
   <div class='ocr_carea' id='block_1_4' title="bbox 250 2968 1360 3226">
    <p class='ocr_par' dir='ltr' id='par_1_5' title="bbox 250 2968 1360 3226">
     <span class='ocr_line' id='line_1_31' title="bbox 250 2968 1359 3056; baseline 0.001 -24"><span class='ocrx_word' id='word_1_233' title='bbox 250 2989 357 3032; x_wconf 83' lang='lat' dir='ltr'><strong>omnia</strong></span> <span class='ocrx_word' id='word_1_234' title='bbox 386 2991 626 3054; x_wconf 87' lang='lat' dir='ltr'><strong>consensurum,</strong></span> <span class='ocrx_word' id='word_1_235' title='bbox 655 2992 736 3055; x_wconf 90' lang='lat' dir='ltr'><strong>quae</strong></span> <span class='ocrx_word' id='word_1_236' title='bbox 766 2973 947 3056; x_wconf 88' lang='lat' dir='ltr'><strong>pertineant</strong></span> <span class='ocrx_word' id='word_1_237' title='bbox 975 2972 1017 3034; x_wconf 88' lang='lat' dir='ltr'><strong>ad</strong></span> <span class='ocrx_word' id='word_1_238' title='bbox 1068 2969 1142 3033; x_wconf 92' lang='lat' dir='ltr'><strong>dem</strong></span> <span class='ocrx_word' id='word_1_239' title='bbox 1175 2968 1359 3035; x_wconf 84' lang='lat' dir='ltr'><strong>catholicam</strong></span> 
     </span>
     <span class='ocr_line' id='line_1_32' title="bbox 250 3052 1360 3140; baseline -0.002 -23"><span class='ocrx_word' id='word_1_240' title='bbox 250 3053 336 3117; x_wconf 87' lang='lat' dir='ltr'><strong>etad</strong></span> <span class='ocrx_word' id='word_1_241' title='bbox 375 3075 465 3120; x_wconf 89' lang='lat' dir='ltr'><strong>acem</strong></span> <span class='ocrx_word' id='word_1_242' title='bbox 487 3065 520 3121; x_wconf 82' lang='lat' dir='ltr'><strong>at</strong></span> <span class='ocrx_word' id='word_1_243' title='bbox 544 3076 584 3120; x_wconf 89' lang='lat' dir='ltr'><strong>ue</strong></span> <span class='ocrx_word' id='word_1_244' title='bbox 606 3057 762 3120; x_wconf 85' lang='lat' dir='ltr'><strong>unitatem</strong></span> <span class='ocrx_word' id='word_1_245' title='bbox 784 3052 948 3120; x_wconf 87' lang='lat' dir='ltr'><strong>ecclesiae.</strong></span> <span class='ocrx_word' id='word_1_246' title='bbox 978 3053 1106 3140; x_wconf 89' lang='lat' dir='ltr'><strong>Reliqui</strong></span> <span class='ocrx_word' id='word_1_247' title='bbox 1119 3075 1199 3118; x_wconf 91' lang='lat' dir='ltr'><strong>vero</strong></span> <span class='ocrx_word' id='word_1_248' title='bbox 1223 3053 1360 3139; x_wconf 89' lang='lat' dir='ltr'><strong>episcopi</strong></span> 
     </span>
     <span class='ocr_line' id='line_1_33' title="bbox 250 3075 1360 3226; baseline 0.001 -25"><span class='ocrx_word' id='word_1_249' title='bbox 250 3137 305 3226; x_wconf 92' lang='lat' dir='ltr'><strong>qui</strong></span> <span class='ocrx_word' id='word_1_250' title='bbox 331 3075 397 3204; x_wconf 87' lang='lat' dir='ltr'><strong>illic</strong></span> <span class='ocrx_word' id='word_1_251' title='bbox 426 3150 494 3205; x_wconf 87' lang='lat' dir='ltr'><strong>tum</strong></span> <span class='ocrx_word' id='word_1_252' title='bbox 561 3149 654 3205; x_wconf 87' lang='lat' dir='ltr'><strong>crunt</strong></span> <span class='ocrx_word' id='word_1_253' title='bbox 686 3140 720 3204; x_wconf 95' lang='lat' dir='ltr'><strong>hi</strong></span> <span class='ocrx_word' id='word_1_254' title='bbox 748 3149 832 3220; x_wconf 87' lang='lat' dir='ltr'><strong>sunt,</strong></span> <span class='ocrx_word' id='word_1_255' title='bbox 865 3160 1003 3225; x_wconf 87' lang='lat' dir='ltr'><strong>quorum</strong></span> <span class='ocrx_word' id='word_1_256' title='bbox 1031 3139 1164 3202; x_wconf 91' lang='lat' dir='ltr'><strong>nomina</strong></span> <span class='ocrx_word' id='word_1_257' title='bbox 1185 3138 1360 3224; x_wconf 80' lang='lat' dir='ltr'><strong>subscripta</strong></span> 
     </span>
    </p>
   </div>
   <div class='ocr_carea' id='block_1_5' title="bbox 248 3312 1360 4408">
    <p class='ocr_par' dir='ltr' id='par_1_6' title="bbox 248 3312 1360 4408">
     <span class='ocr_line' id='line_1_34' title="bbox 249 3312 1359 3381; baseline -0.004 -17"><span class='ocrx_word' id='word_1_258' title='bbox 249 3329 318 3381; x_wconf 88' lang='lat' dir='ltr'><strong>quas</strong></span> <span class='ocrx_word' id='word_1_259' title='bbox 333 3321 492 3365; x_wconf 81' lang='lat' dir='ltr'><strong>conventum</strong></span> <span class='ocrx_word' id='word_1_260' title='bbox 513 3315 702 3380; x_wconf 86' lang='lat' dir='ltr'><strong>sequebantur.</strong></span> <span class='ocrx_word' id='word_1_261' title='bbox 730 3315 800 3364; x_wconf 89' lang='lat' dir='ltr'><strong>Nam</strong></span> <span class='ocrx_word' id='word_1_262' title='bbox 820 3329 866 3365; x_wconf 86' lang='grc'><strong>000</strong></span> <span class='ocrx_word' id='word_1_263' title='bbox 887 3314 932 3381; x_wconf 88' lang='lat' dir='ltr'><strong>qui</strong></span> <span class='ocrx_word' id='word_1_264' title='bbox 951 3312 985 3363; x_wconf 93' lang='lat' dir='ltr'><strong>ab</strong></span> <span class='ocrx_word' id='word_1_265' title='bbox 1005 3315 1166 3379; x_wconf 84' lang='lat' dir='ltr'><strong>imperatore</strong></span> <span class='ocrx_word' id='word_1_266' title='bbox 1186 3313 1299 3364; x_wconf 91' lang='lat' dir='ltr'><strong>stabant</strong></span> <span class='ocrx_word' id='word_1_267' title='bbox 1314 3325 1359 3362; x_wconf 88' lang='lat' dir='ltr'><strong>nou</strong></span> 
     </span>
     <span class='ocr_line' id='line_1_35' title="bbox 248 3386 1360 3453; baseline -0.004 -15"><span class='ocrx_word' id='word_1_268' title='bbox 248 3393 303 3438; x_wconf 88' lang='lat' dir='ltr'><strong>tam</strong></span> <span class='ocrx_word' id='word_1_269' title='bbox 333 3386 437 3438; x_wconf 87' lang='lat' dir='ltr'><strong>cladem</strong></span> <span class='ocrx_word' id='word_1_270' title='bbox 467 3389 606 3453; x_wconf 86' lang='lat' dir='ltr'><strong>accepisse</strong></span> <span class='ocrx_word' id='word_1_271' title='bbox 635 3404 715 3453; x_wconf 91' lang='lat' dir='ltr'><strong>quam</strong></span> <span class='ocrx_word' id='word_1_272' title='bbox 743 3389 882 3438; x_wconf 82' lang='lat' dir='ltr'><strong>victoriam</strong></span> <span class='ocrx_word' id='word_1_273' title='bbox 911 3388 940 3436; x_wconf 92' lang='lat' dir='ltr'><strong>in</strong></span> <span class='ocrx_word' id='word_1_274' title='bbox 967 3386 1014 3436; x_wconf 88' lang='lat' dir='ltr'><strong>illo</strong></span> <span class='ocrx_word' id='word_1_275' title='bbox 1044 3392 1179 3437; x_wconf 84' lang='lat' dir='ltr'><strong>conventu</strong></span> <span class='ocrx_word' id='word_1_276' title='bbox 1206 3392 1360 3453; x_wconf 80' lang='lat' dir='ltr'><strong>reportasse,</strong></span> 
     </span>
     <span class='ocr_line' id='line_1_36' title="bbox 249 3459 1360 3527; baseline -0.001 -17"><span class='ocrx_word' id='word_1_277' title='bbox 249 3467 362 3527; x_wconf 87' lang='lat' dir='ltr'><strong>apparet</strong></span> <span class='ocrx_word' id='word_1_278' title='bbox 376 3461 420 3511; x_wconf 87' lang='lat' dir='ltr'><strong>vel</strong></span> <span class='ocrx_word' id='word_1_279' title='bbox 434 3460 507 3519; x_wconf 90' lang='lat' dir='ltr'><strong>inde,</strong></span> <span class='ocrx_word' id='word_1_280' title='bbox 527 3460 598 3525; x_wconf 87' lang='lat' dir='ltr'><strong>quod</strong></span> <span class='ocrx_word' id='word_1_281' title='bbox 618 3476 669 3510; x_wconf 87' lang='lat' dir='ltr'><strong>nec</strong></span> <span class='ocrx_word' id='word_1_282' title='bbox 682 3460 742 3511; x_wconf 89' lang='lat' dir='ltr'><strong>Udo</strong></span> <span class='ocrx_word' id='word_1_283' title='bbox 764 3462 875 3527; x_wconf 88' lang='lat' dir='ltr'><strong>eiusque</strong></span> <span class='ocrx_word' id='word_1_284' title='bbox 893 3460 976 3510; x_wconf 84' lang='lat' dir='ltr'><strong>frater</strong></span> <span class='ocrx_word' id='word_1_285' title='bbox 994 3475 1044 3510; x_wconf 87' lang='lat' dir='ltr'><strong>nec</strong></span> <span class='ocrx_word' id='word_1_286' title='bbox 1063 3466 1177 3525; x_wconf 84' lang='lat' dir='ltr'><strong>uterque</strong></span> <span class='ocrx_word' id='word_1_287' title='bbox 1190 3459 1360 3510; x_wconf 85' lang='lat' dir='ltr'><strong>Thiedericus</strong></span> 
     </span>
     <span class='ocr_line' id='line_1_37' title="bbox 249 3532 1360 3600; baseline -0.005 -17"><span class='ocrx_word' id='word_1_288' title='bbox 249 3534 283 3583; x_wconf 88' lang='lat' dir='ltr'><strong>ad</strong></span> <span class='ocrx_word' id='word_1_289' title='bbox 304 3539 394 3600; x_wconf 89' lang='lat' dir='ltr'><strong>partes</strong></span> <span class='ocrx_word' id='word_1_290' title='bbox 413 3534 538 3583; x_wconf 86' lang='lat' dir='ltr'><strong>factionis</strong></span> <span class='ocrx_word' id='word_1_291' title='bbox 558 3547 621 3583; x_wconf 88' lang='lat' dir='ltr'><strong>suas</strong></span> <span class='ocrx_word' id='word_1_292' title='bbox 641 3536 738 3584; x_wconf 85' lang='lat' dir='ltr'><strong>reverti</strong></span> <span class='ocrx_word' id='word_1_293' title='bbox 757 3532 906 3585; x_wconf 81' lang='lat' dir='ltr'><strong>voluerunt.</strong></span> <span class='ocrx_word' id='word_1_294' title='bbox 935 3534 1045 3583; x_wconf 83' lang='lat' dir='ltr'><strong>Praeter</strong></span> <span class='ocrx_word' id='word_1_295' title='bbox 1063 3532 1243 3583; x_wconf 87' lang='lat' dir='ltr'><strong>Waltramum</strong></span> <span class='ocrx_word' id='word_1_296' title='bbox 1264 3532 1360 3583; x_wconf 91' lang='lat' dir='ltr'><strong>dehac</strong></span> 
     </span>
     <span class='ocr_line' id='line_1_38' title="bbox 248 3604 1359 3674; baseline -0.003 -18"><span class='ocrx_word' id='word_1_297' title='bbox 248 3623 277 3656; x_wconf 87' lang='lat' dir='ltr'><strong>re</strong></span> <span class='ocrx_word' id='word_1_298' title='bbox 296 3607 328 3657; x_wconf 84' lang='grc'><strong>01.</strong></span> <span class='ocrx_word' id='word_1_299' title='bbox 343 3608 412 3658; x_wconf 79' lang='lat' dir='ltr'><strong>Aun.</strong></span> <span class='ocrx_word' id='word_1_300' title='bbox 426 3606 554 3670; x_wconf 77' lang='lat' dir='ltr'><strong>Magdeb.</strong></span> <span class='ocrx_word' id='word_1_301' title='bbox 574 3605 634 3668; x_wconf 85' lang='lat' dir='ltr'><strong>(SS.</strong></span> <span class='ocrx_word' id='word_1_302' title='bbox 648 3608 722 3670; x_wconf 89' lang='lat' dir='ltr'><strong>XVI,</strong></span> <span class='ocrx_word' id='word_1_303' title='bbox 741 3625 767 3674; x_wconf 92' lang='lat' dir='ltr'><strong>p.</strong></span> <span class='ocrx_word' id='word_1_304' title='bbox 784 3608 843 3657; x_wconf 81' lang='lat'><strong>176.</strong></span> <span class='ocrx_word' id='word_1_305' title='bbox 866 3604 940 3672; x_wconf 82' lang='grc'>177),</span> <span class='ocrx_word' id='word_1_306' title='bbox 959 3607 1027 3656; x_wconf 85' lang='lat' dir='ltr'><strong>Ann.</strong></span> <span class='ocrx_word' id='word_1_307' title='bbox 1043 3607 1104 3657; x_wconf 86' lang='lat' dir='ltr'><strong>Sax.</strong></span> <span class='ocrx_word' id='word_1_308' title='bbox 1124 3605 1246 3669; x_wconf 72' lang='lat' dir='ltr'><strong>(ssvl,</strong></span> <span class='ocrx_word' id='word_1_309' title='bbox 1266 3623 1292 3674; x_wconf 86' lang='lat' dir='ltr'><strong>p.</strong></span> <span class='ocrx_word' id='word_1_310' title='bbox 1306 3605 1359 3654; x_wconf 84' lang='grc'>721.</span> 
     </span>
     <span class='ocr_line' id='line_1_39' title="bbox 250 3677 1360 3747; baseline 0.001 -21"><span class='ocrx_word' id='word_1_311' title='bbox 250 3678 323 3739; x_wconf 76' lang='grc'>722),</span> <span class='ocrx_word' id='word_1_312' title='bbox 349 3680 455 3729; x_wconf 83' lang='lat' dir='ltr'><strong>Ekkeh.</strong></span> <span class='ocrx_word' id='word_1_313' title='bbox 477 3679 538 3730; x_wconf 84' lang='lat' dir='ltr'><strong>Chr.</strong></span> <span class='ocrx_word' id='word_1_314' title='bbox 558 3679 618 3746; x_wconf 81' lang='lat' dir='ltr'><strong>(SS.</strong></span> <span class='ocrx_word' id='word_1_315' title='bbox 639 3681 686 3746; x_wconf 90' lang='lat' dir='ltr'><strong>VI,</strong></span> <span class='ocrx_word' id='word_1_316' title='bbox 711 3699 735 3747; x_wconf 90' lang='lat' dir='ltr'><strong>p.</strong></span> <span class='ocrx_word' id='word_1_317' title='bbox 758 3680 834 3747; x_wconf 82' lang='grc'>206).</span> <span class='ocrx_word' id='word_1_318' title='bbox 874 3680 914 3730; x_wconf 85' lang='lat' dir='ltr'><strong>cf.</strong></span> <span class='ocrx_word' id='word_1_319' title='bbox 935 3679 1041 3742; x_wconf 85' lang='lat' dir='ltr'><strong>Hefele,</strong></span> <span class='ocrx_word' id='word_1_320' title='bbox 1060 3678 1316 3744; x_wconf 63' lang='grc' dir='ltr'><strong>ί(100011100300011)</strong></span> <span class='ocrx_word' id='word_1_321' title='bbox 1333 3677 1360 3740; x_wconf 84' lang='lat' dir='ltr'><strong>V,</strong></span> 
     </span>
     <span class='ocr_line' id='line_1_40' title="bbox 249 3752 1360 3821; baseline 0 -21"><span class='ocrx_word' id='word_1_322' title='bbox 249 3769 276 3819; x_wconf 86' lang='lat' dir='ltr'><strong>p.</strong></span> <span class='ocrx_word' id='word_1_323' title='bbox 292 3753 353 3803; x_wconf 90' lang='grc'>160.</span> <span class='ocrx_word' id='word_1_324' title='bbox 374 3759 400 3803; x_wconf 87' lang='grc'><strong>01</strong></span> <span class='ocrx_word' id='word_1_325' title='bbox 419 3752 648 3804; x_wconf 87' lang='lat' dir='ltr'><strong>‘Rundschreibeu</strong></span> <span class='ocrx_word' id='word_1_326' title='bbox 669 3754 716 3805; x_wconf 88' lang='lat' dir='ltr'><strong>des</strong></span> <span class='ocrx_word' id='word_1_327' title='bbox 736 3754 907 3821; x_wconf 68' lang='lat' dir='ltr'><strong>papstlichen</strong></span> <span class='ocrx_word' id='word_1_328' title='bbox 924 3753 1051 3818; x_wconf 80' lang='lat' dir='ltr'><strong>Legaten</strong></span> <span class='ocrx_word' id='word_1_329' title='bbox 1071 3753 1134 3805; x_wconf 84' lang='lat' dir='ltr'><strong>Otto</strong></span> <span class='ocrx_word' id='word_1_330' title='bbox 1154 3769 1180 3804; x_wconf 82' lang='lat' dir='ltr'><strong>r.</strong></span> <span class='ocrx_word' id='word_1_331' title='bbox 1194 3753 1274 3804; x_wconf 86' lang='lat' dir='ltr'><strong>Ostia</strong></span> <span class='ocrx_word' id='word_1_332' title='bbox 1287 3752 1360 3803; x_wconf 82' lang='lat' dir='ltr'><strong>Febr.</strong></span> 
     </span>
     <span class='ocr_line' id='line_1_41' title="bbox 251 3823 1359 3892; baseline 0 -19"><span class='ocrx_word' id='word_1_333' title='bbox 251 3823 329 3874; x_wconf 81' lang='lat'><strong>1085&#39;</strong></span> <span class='ocrx_word' id='word_1_334' title='bbox 350 3827 421 3892; x_wconf 88' lang='lat' dir='ltr'><strong>apud</strong></span> <span class='ocrx_word' id='word_1_335' title='bbox 442 3826 625 3889; x_wconf 80' lang='lat' dir='ltr'><strong>Giesebrecht‚</strong></span> <span class='ocrx_word' id='word_1_336' title='bbox 645 3828 754 3880; x_wconf 80' lang='lat' dir='ltr'><strong>‘Gesch</strong></span> <span class='ocrx_word' id='word_1_337' title='bbox 775 3828 823 3878; x_wconf 90' lang='lat' dir='ltr'><strong>der</strong></span> <span class='ocrx_word' id='word_1_338' title='bbox 842 3827 964 3878; x_wconf 82' lang='lat' dir='ltr'><strong>(leutsch.</strong></span> <span class='ocrx_word' id='word_1_339' title='bbox 983 3824 1141 3877; x_wconf 81' lang='lat' dir='ltr'><strong>Kaiserzeit&#39;</strong></span> <span class='ocrx_word' id='word_1_340' title='bbox 1162 3825 1218 3889; x_wconf 89' lang='lat' dir='ltr'><strong>III,</strong></span> <span class='ocrx_word' id='word_1_341' title='bbox 1238 3844 1265 3892; x_wconf 89' lang='lat' dir='ltr'><strong>p.</strong></span> <span class='ocrx_word' id='word_1_342' title='bbox 1286 3823 1359 3876; x_wconf 83' lang='grc'>1231.</span> 
     </span>
     <span class='ocr_line' id='line_1_42' title="bbox 252 3898 1359 3967; baseline 0 -20"><span class='ocrx_word' id='word_1_343' title='bbox 252 3899 278 3958; x_wconf 86' lang='grc'><strong>1)</strong></span> <span class='ocrx_word' id='word_1_344' title='bbox 305 3898 346 3949; x_wconf 85' lang='lat' dir='ltr'><strong>cf.</strong></span> <span class='ocrx_word' id='word_1_345' title='bbox 373 3898 405 3949; x_wconf 91' lang='grc'><strong>(10</strong></span> <span class='ocrx_word' id='word_1_346' title='bbox 425 3899 477 3949; x_wconf 87' lang='lat' dir='ltr'><strong>hac</strong></span> <span class='ocrx_word' id='word_1_347' title='bbox 497 3900 598 3965; x_wconf 84' lang='lat' dir='ltr'><strong>synodo</strong></span> <span class='ocrx_word' id='word_1_348' title='bbox 624 3901 730 3951; x_wconf 78' lang='lat' dir='ltr'><strong>Ekkeh.</strong></span> <span class='ocrx_word' id='word_1_349' title='bbox 752 3901 814 3952; x_wconf 82' lang='lat' dir='ltr'><strong>Chr.</strong></span> <span class='ocrx_word' id='word_1_350' title='bbox 841 3902 901 3961; x_wconf 79' lang='lat' dir='ltr'><strong>(SS.</strong></span> <span class='ocrx_word' id='word_1_351' title='bbox 922 3901 970 3964; x_wconf 90' lang='lat' dir='ltr'><strong>VI,</strong></span> <span class='ocrx_word' id='word_1_352' title='bbox 996 3918 1023 3967; x_wconf 86' lang='lat' dir='ltr'><strong>p.</strong></span> <span class='ocrx_word' id='word_1_353' title='bbox 1043 3898 1119 3966; x_wconf 79' lang='lat'><strong>205),</strong></span> <span class='ocrx_word' id='word_1_354' title='bbox 1147 3898 1281 3951; x_wconf 87' lang='lat' dir='ltr'><strong>Bernoldi</strong></span> <span class='ocrx_word' id='word_1_355' title='bbox 1305 3898 1359 3950; x_wconf 79' lang='lat' dir='ltr'><strong>chr.</strong></span> 
     </span>
     <span class='ocr_line' id='line_1_43' title="bbox 251 3970 1360 4041; baseline -0.003 -18"><span class='ocrx_word' id='word_1_356' title='bbox 251 3971 351 4034; x_wconf 83' lang='lat' dir='ltr'><strong>(SS.V,</strong></span> <span class='ocrx_word' id='word_1_357' title='bbox 364 3988 391 4037; x_wconf 91' lang='lat' dir='ltr'><strong>p.</strong></span> <span class='ocrx_word' id='word_1_358' title='bbox 402 3972 479 4036; x_wconf 71' lang='lat'><strong>443),</strong></span> <span class='ocrx_word' id='word_1_359' title='bbox 490 3973 621 4040; x_wconf 75' lang='lat' dir='ltr'><strong>sigebert.</strong></span> <span class='ocrx_word' id='word_1_360' title='bbox 633 3971 749 4040; x_wconf 62' lang='lat' dir='ltr'><strong>(sevi,</strong></span> <span class='ocrx_word' id='word_1_361' title='bbox 761 3992 787 4041; x_wconf 87' lang='lat' dir='ltr'><strong>p.</strong></span> <span class='ocrx_word' id='word_1_362' title='bbox 799 3974 875 4039; x_wconf 77' lang='lat'><strong>365).</strong></span> <span class='ocrx_word' id='word_1_363' title='bbox 933 3974 962 4037; x_wconf 88' lang='grc'><strong>2)</strong></span> <span class='ocrx_word' id='word_1_364' title='bbox 977 3974 1018 4025; x_wconf 82' lang='lat' dir='ltr'><strong>Of.</strong></span> <span class='ocrx_word' id='word_1_365' title='bbox 1029 3973 1137 4024; x_wconf 85' lang='lat' dir='ltr'><strong>Ekkeh.</strong></span> <span class='ocrx_word' id='word_1_366' title='bbox 1150 3973 1170 4024; x_wconf 91' lang='lat' dir='ltr'><strong>l.</strong></span> <span class='ocrx_word' id='word_1_367' title='bbox 1181 3988 1222 4024; x_wconf 86' lang='lat' dir='ltr'><strong>o.:</strong></span> <span class='ocrx_word' id='word_1_368' title='bbox 1242 3970 1360 4039; x_wconf 75' lang='lat' dir='ltr'><strong>Syuodur</strong></span> 
     </span>
     <span class='ocr_line' id='line_1_44' title="bbox 250 4044 1359 4113; baseline -0.001 -19"><span class='ocrx_word' id='word_1_369' title='bbox 250 4044 402 4110; x_wconf 73' lang='grc'>1101001100</span> <span class='ocrx_word' id='word_1_370' title='bbox 415 4045 532 4111; x_wconf 80' lang='lat' dir='ltr'><strong>hahetur,</strong></span> <span class='ocrx_word' id='word_1_371' title='bbox 552 4047 596 4099; x_wconf 82' lang='lat' dir='ltr'><strong>cui</strong></span> <span class='ocrx_word' id='word_1_372' title='bbox 607 4045 728 4112; x_wconf 75' lang='lat' dir='ltr'><strong>interfuit</strong></span> <span class='ocrx_word' id='word_1_373' title='bbox 739 4045 891 4112; x_wconf 79' lang='lat' dir='ltr'><strong>imperator,</strong></span> <span class='ocrx_word' id='word_1_374' title='bbox 910 4047 956 4097; x_wconf 81' lang='lat' dir='ltr'><strong>uhi</strong></span> <span class='ocrx_word' id='word_1_375' title='bbox 963 4046 1150 4112; x_wconf 79' lang='lat' dir='ltr'><strong>praesentibus</strong></span> <span class='ocrx_word' id='word_1_376' title='bbox 1163 4046 1258 4113; x_wconf 75' lang='lat' dir='ltr'><strong>leqatis</strong></span> <span class='ocrx_word' id='word_1_377' title='bbox 1269 4045 1359 4096; x_wconf 85' lang='lat' dir='ltr'><strong>Bomo-</strong></span> 
     </span>
     <span class='ocr_line' id='line_1_45' title="bbox 250 4114 1360 4186; baseline 0.001 -18"><span class='ocrx_word' id='word_1_378' title='bbox 250 4135 345 4168; x_wconf 80' lang='lat' dir='ltr'><strong>aorum</strong></span> <span class='ocrx_word' id='word_1_379' title='bbox 369 4136 456 4171; x_wconf 81' lang='grc'>001000</span> <span class='ocrx_word' id='word_1_380' title='bbox 481 4118 596 4186; x_wconf 78' lang='lat' dir='ltr'><strong>episcopi</strong></span> <span class='ocrx_word' id='word_1_381' title='bbox 614 4120 721 4171; x_wconf 82' lang='lat' dir='ltr'><strong>rebelles</strong></span> <span class='ocrx_word' id='word_1_382' title='bbox 746 4119 901 4186; x_wconf 80' lang='lat' dir='ltr'><strong>imperatori</strong></span> <span class='ocrx_word' id='word_1_383' title='bbox 925 4119 1075 4186; x_wconf 78' lang='lat' dir='ltr'><strong>deponendi</strong></span> <span class='ocrx_word' id='word_1_384' title='bbox 1098 4117 1267 4183; x_wconf 78' lang='lat' dir='ltr'><strong>iudicamur,</strong></span> <span class='ocrx_word' id='word_1_385' title='bbox 1290 4114 1360 4170; x_wconf 79' lang='lat' dir='ltr'><strong>ceteri</strong></span> 
     </span>
     <span class='ocr_line' id='line_1_46' title="bbox 250 4191 1358 4259; baseline 0.002 -18"><span class='ocrx_word' id='word_1_386' title='bbox 250 4207 312 4242; x_wconf 80' lang='lat' dir='ltr'><strong>vero</strong></span> <span class='ocrx_word' id='word_1_387' title='bbox 332 4191 508 4256; x_wconf 80' lang='lat' dir='ltr'><strong>anathemate,</strong></span> <span class='ocrx_word' id='word_1_388' title='bbox 527 4202 556 4244; x_wconf 84' lang='grc'><strong>01</strong></span> <span class='ocrx_word' id='word_1_389' title='bbox 575 4193 722 4256; x_wconf 80' lang='lat' dir='ltr'><strong>videbatur,</strong></span> <span class='ocrx_word' id='word_1_390' title='bbox 743 4195 980 4259; x_wconf 76' lang='lat' dir='ltr'><strong>condempnantur.</strong></span> <span class='ocrx_word' id='word_1_391' title='bbox 1008 4192 1052 4243; x_wconf 80' lang='lat' dir='ltr'><strong>Ibi</strong></span> <span class='ocrx_word' id='word_1_392' title='bbox 1070 4193 1149 4244; x_wconf 81' lang='lat' dir='ltr'><strong>etiam</strong></span> <span class='ocrx_word' id='word_1_393' title='bbox 1161 4191 1358 4244; x_wconf 76' lang='lat' dir='ltr'><strong>communicen·</strong></span> 
     </span>
     <span class='ocr_line' id='line_1_47' title="bbox 250 4261 1359 4334; baseline -0.001 -19"><span class='ocrx_word' id='word_1_394' title='bbox 250 4281 329 4315; x_wconf 79' lang='lat' dir='ltr'><strong>sensu</strong></span> <span class='ocrx_word' id='word_1_395' title='bbox 348 4270 426 4330; x_wconf 82' lang='lat' dir='ltr'><strong>utque</strong></span> <span class='ocrx_word' id='word_1_396' title='bbox 444 4264 551 4318; x_wconf 78' lang='lat' dir='ltr'><strong>coasilio</strong></span> <span class='ocrx_word' id='word_1_397' title='bbox 570 4266 835 4332; x_wconf 75' lang='grc'>00001101000100</span> <span class='ocrx_word' id='word_1_398' title='bbox 854 4266 916 4318; x_wconf 81' lang='lat' dir='ltr'><strong>Dei.</strong></span> <span class='ocrx_word' id='word_1_399' title='bbox 946 4269 1011 4317; x_wconf 84' lang='lat' dir='ltr'><strong>Eius</strong></span> <span class='ocrx_word' id='word_1_400' title='bbox 1031 4269 1106 4332; x_wconf 88' lang='lat' dir='ltr'><strong>pacis</strong></span> <span class='ocrx_word' id='word_1_401' title='bbox 1126 4267 1196 4334; x_wconf 79' lang='lat' dir='ltr'><strong>(LL.</strong></span> <span class='ocrx_word' id='word_1_402' title='bbox 1215 4267 1255 4330; x_wconf 90' lang='lat'><strong>11,</strong></span> <span class='ocrx_word' id='word_1_403' title='bbox 1274 4283 1300 4333; x_wconf 89' lang='lat' dir='ltr'><strong>p.</strong></span> <span class='ocrx_word' id='word_1_404' title='bbox 1318 4261 1359 4326; x_wconf 77' lang='lat'><strong>55)</strong></span> 
     </span>
     <span class='ocr_line' id='line_1_48' title="bbox 249 4338 1328 4408; baseline -0.002 -19"><span class='ocrx_word' id='word_1_405' title='bbox 249 4338 412 4390; x_wconf 82' lang='lat' dir='ltr'><strong>waltramus</strong></span> <span class='ocrx_word' id='word_1_406' title='bbox 431 4355 561 4404; x_wconf 88' lang='lat' dir='ltr'><strong>nusquam</strong></span> <span class='ocrx_word' id='word_1_407' title='bbox 580 4341 741 4391; x_wconf 89' lang='lat' dir='ltr'><strong>mentionem</strong></span> <span class='ocrx_word' id='word_1_408' title='bbox 760 4341 835 4391; x_wconf 85' lang='lat' dir='ltr'><strong>facit.</strong></span> <span class='ocrx_word' id='word_1_409' title='bbox 909 4338 938 4407; x_wconf 88' lang='grc'><strong>3)</strong></span> <span class='ocrx_word' id='word_1_410' title='bbox 962 4340 1090 4407; x_wconf 80' lang='lat' dir='ltr'><strong>Cypriani</strong></span> <span class='ocrx_word' id='word_1_411' title='bbox 1110 4341 1202 4406; x_wconf 87' lang='lat' dir='ltr'><strong>Opera</strong></span> <span class='ocrx_word' id='word_1_412' title='bbox 1220 4357 1247 4408; x_wconf 86' lang='lat' dir='ltr'><strong>p.</strong></span> <span class='ocrx_word' id='word_1_413' title='bbox 1268 4338 1328 4389; x_wconf 82' lang='grc'>213.</span> 
     </span>
    </p>
   </div>
   <div class='ocr_carea' id='block_1_6' title="bbox 0 0 1414 4830">
    <p class='ocr_par' dir='ltr' id='par_1_7' title="bbox 0 0 1414 4830">
     <span class='ocr_line' id='line_1_49' title="bbox 0 0 1414 4830; baseline 0 0"><span class='ocrx_word' id='word_1_414' title='bbox 0 0 1414 4830; x_wconf 95' lang='lat' dir='ltr'><strong> </strong></span> 
     </span>
    </p>
   </div>
  </div>
 </body>
</html>
