2812 4830
211 342 246 391 80
395 342 445 391 ΒΕ
464 341 622 392 UNITATE
640 340 845 392 Eccnusm:
865 339 1142 392 conserimus.

212 512 313 592 cuius,
344 509 402 574 sed
431 511 466 572 in
494 519 571 590 toto,
599 507 723 573 scilicet
751 509 935 594 imperatori
954 507 1121 573 Henricho
1150 508 1219 570 sire
1240 506 1317 591 Wig-

211 594 312 659 berdo
339 594 508 679 eidemque
536 593 681 679 pontifici
702 594 864 671 Romano,
894 591 981 678 apud
1010 612 1067 656 eos
1088 591 1229 677 denique
1250 589 1318 654 nihil

212 679 274 742 nisi
306 678 348 743 ad
373 678 671 742 condemnationem
700 676 808 742 valere
831 677 951 742 Christi
979 686 1012 740 et
1040 675 1197 740 ecclesiae
1227 697 1318 740 sacra·

212 772 336 842 menta,
369 784 451 848 quae
484 772 558 825 sunt
588 762 771 847 baptisma³
802 770 836 826 et
868 761 1006 824 cbrisma
1039 769 1072 825 et
1108 761 1256 860 corporis
1289 781 1319 822 ac

213 848 378 932 sanguinis
400 847 534 910 Domini
555 848 717 931 mysteria.
761 846 851 931 Ergo
874 845 992 930 quibus
1015 867 1057 908 ex
1077 865 1188 908 causus
1209 855 1243 909 et
1263 865 1318 930 qua

211 932 399 995 necessitate
422 929 620 1016 Wigberdus
640 953 726 1016 papa
748 932 790 994 sit
811 930 942 1011 electus,
970 950 1068 1014 supra
1089 932 1155 992 iam
1179 928 1319 1009 diximus,
1365 988 1367 993 .

213 1018 269 1100 qui
290 1024 377 1079 certe
398 1036 458 1099 per
478 1016 557 1095 eius,
579 1037 661 1102 quae
682 1037 758 1079 vere
779 1026 828 1078 est
850 1014 996 1078 Romana
1018 1011 1166 1092 ecclesia,
1197 1033 1320 1076 consen·
1363 1010 1367 1077 l

213 1120 283 1162 sum
314 1109 345 1162 et
372 1122 432 1184 per
460 1099 647 1184 suffragium
669 1099 825 1162 Henrichi
853 1100 940 1182 regis
961 1096 1172 1182 eiusdemque
1194 1097 1319 1160 Romani

212 1185 334 1268 patritii
356 1193 405 1247 est
432 1182 607 1247 ordinatus.
651 1183 717 1248 Sed
739 1182 906 1268 Sylverius
927 1203 1022 1267 papa,
1045 1181 1131 1245 sicut
1158 1179 1276 1266 legitur
1295 1181 1320 1243 in

213 1267 323 1331 Gestis
334 1266 601 1348 Pontificalibus1,
618 1264 694 1331 olim
708 1268 844 1353 pervim
859 1266 984 1330 levatus
1001 1266 1113 1355 [estbp
1129 1275 1162 1330 et
1176 1275 1213 1329 ut
1229 1287 1320 1329 sacer-

212 1350 303 1416 dotes
325 1351 517 1415 ordinationi
539 1353 607 1415 eins
633 1352 726 1414 iuxta
751 1353 919 1437 antiquum
941 1371 1064 1414 morem
1090 1349 1143 1414 vel
1165 1351 1320 1414 decretum

212 1434 462 1514 subscriberent,
485 1435 641 1520 compulit
661 1445 816 1520 tyrannus
835 1435 966 1521 quidam
982 1433 1174 1499 Theodorus
1182 1445 1205 1498 ⁶.
1235 1431 1321 1513 Quod

213 1539 287 1581 cum
317 1520 461 1604 optinere
489 1540 553 1582 non
574 1530 693 1604 posset,
719 1519 795 1584 licet
816 1541 945 1584 causam
968 1519 1050 1582 banc
1071 1517 1191 1604 gladiis
1213 1526 1321 1601 ageret,

213 1614 321 1666 tamen
348 1611 423 1687 post
451 1603 683 1666 ordinationem
712 1605 814 1689 ipsius
845 1602 983 1688 Sylverii
1011 1602 1273 1687 subscripserunt
1298 1602 1322 1664 ei

213 1709 323 1750 omnes
342 1689 504 1750 communi
520 1709 687 1769 consensu,
708 1703 841 1774 propter
854 1688 1080 1752 adunationem
1095 1686 1249 1751 videlicet
1262 1685 1323 1750 reli-

212 1773 318 1854 gionis
340 1780 373 1836 et
392 1772 493 1856 pacis,
515 1794 556 1836 ne
575 1773 657 1836 forte
679 1774 850 1838 sustineret
877 1770 1014 1835 ecclesia
1041 1769 1176 1856 aliquod
1202 1771 1323 1834 scando

213 1856 279 1919 lum
308 1857 476 1921 scismatis.
520 1856 615 1919 Nunc
643 1866 751 1919 autem
779 1857 922 1919 Romana
950 1853 1087 1918 ecclesia
1122 1866 1155 1920 et
1181 1855 1322 1940 patritius

213 1943 430 2005 Romanorum
458 1951 688 2004 consenserunt
716 1941 749 2002 in
778 1939 938 2024 Wigberti
967 1939 1134 2020 electione,
1164 1949 1198 2004 et
1225 1951 1323 2004 tamen

212 2047 272 2090 nec
297 2036 372 2109 post
396 2026 567 2107 septimum
597 2046 714 2086 annum
723 2036 746 2105 ²,
773 2045 837 2108 quo
867 2023 1036 2088 defimctus
1065 2031 1115 2087 est
1136 2023 1323 2088 Hildebrant

212 2131 308 2195 papa,
340 2107 414 2171 licet
443 2109 620 2171 Romanam
653 2107 820 2173 ecclesiam
853 2107 950 2172 talem
981 2107 1169 2192 pontificem
1204 2108 1322 2189 habere,

235 2191 317 2257 nelis
339 2191 531 2256 catholicum
553 2213 669 2276 corpus
691 2191 845 2256 ecclesiae
866 2214 931 2254 non
946 2189 1070 2272 dividit,
1093 2190 1152 2255 sed
1171 2192 1323 2278 integrare

212 2217 292 2340 illud
313 2284 345 2340 et
365 2276 457 2338 unire
478 2275 624 2355 intendit,
645 2297 717 2338 cum
740 2277 774 2339 in
797 2274 1051 2340 Chalcedonensi
1072 2276 1213 2340 concilio
1236 2285 1324 2339 statu-

214 2374 282 2424 tum
311 2361 362 2439 sit,
391 2369 428 2423 ut
454 2359 539 2423 intra
565 2370 630 2424 tres
651 2382 777 2424 menses
799 2359 937 2424 debeant
958 2360 1184 2444 episcoporum
1209 2360 1325 2424 ordina·

213 2446 317 2507 tiones
331 2443 411 2521 fieri,
432 2443 495 2505 nisi
508 2443 589 2506 forte
603 2445 774 2507 necessitas
789 2442 983 2508 excusabilis
1006 2445 1149 2528 coegerit
1171 2443 1325 2509 dilationis

214 2537 342 2611 tempus
368 2525 520 2611 protrahi.
563 2526 664 2606 Ecce,
696 2527 737 2591 ad
770 2527 848 2613 quid
875 2530 1021 2613 pervenit
1049 2538 1155 2592 mater
1188 2531 1325 2592 omnium

215 2611 438 2691 ecclesiarum,
474 2620 510 2674 ut
550 2611 715 2676 subiacere
750 2613 897 2676 videatur
938 2612 1059 2677 iudicio
1095 2634 1325 2696 perversorum,

237 2718 297 2759 uae
325 2696 376 2757 ius
405 2694 501 2759 babet
529 2694 569 2759 de
596 2696 683 2758 omni
711 2696 848 2761 ecclesia
869 2695 1031 2759 iudicandi
1052 2717 1160 2780 neque
1183 2699 1326 2783 cuiquam

214 2719 255 2845 de
277 2781 346 2844 eius
367 2778 443 2843 licet
464 2777 607 2843 iudicare
628 2778 758 2861 iudicio,
781 2782 864 2844 sicut
878 2781 1077 2843 constituunt
1091 2780 1225 2845 decreta
1240 2802 1327 2844 cauo-

214 2864 307 2928 num!
337 2863 423 2927 Ecce
436 2863 642 2946 Wigberdus‚
664 2866 720 2948 qui
742 2875 774 2929 et
789 2863 938 2928 Clemens
959 2886 1054 2949 papa,
1077 2866 1171 2928 cuius
1187 2866 1328 2930 doctrina

215 2960 300 3013 certe
322 2957 371 3012 est
391 2947 567 3031 apostolica
588 2959 620 3013 et
634 2950 727 3013 cuius
742 2949 861 3033 scripta
875 2970 951 3012 vere
973 2959 1048 3013 sunt
1061 2948 1232 3032 catholica,
1252 2950 1328 3014 sicut

214 3032 386 3097 didicimus
407 3055 450 3096 ex
463 3032 528 3113 illa,
550 3055 647 3119 quam
668 3042 805 3096 tractare
828 3034 1038 3116 suscepimus,
1060 3033 1229 3117 epistola³,
1253 3055 1328 3120 qnae

215 3119 352 3202 scriptor
378 3115 461 3180 illius
488 3130 673 3200 pervertere
700 3116 831 3180 molitur
858 3117 924 3180 inte
965 3118 1120 3181 relatione
1149 3117 1328 3197 falsissima,

215 3204 298 3266 sicut
323 3200 532 3285 probabimus
560 3202 594 3263 in
623 3201 770 3285 sequenti
796 3199 889 3276 libro,
917 3201 928 3262 i
953 3223 981 3280 e,
1008 3202 1152 3285 inquam,
1183 3201 1329 3267 Clemens

213 3307 300 3373 papa
320 3285 506 3348 inscribitur
525 3283 606 3346 falso
627 3285 798 3370 iuratque
819 3284 977 3348 hereticus
1006 3285 1047 3348 ab
1069 3284 1201 3349 homine
1223 3288 1328 3371 iniquo

214 3383 247 3434 et
279 3368 401 3433 doloso.
451 3367 670 3432 Veruntamen
701 3369 903 3453 supradictus
933 3389 1021 3453 papa
1053 3365 1233 3452 Sylverius,
1270 3372 1329 3433 iam

213 3454 429 3531 beatissimus
452 3451 535 3514 sicut
555 3450 703 3536 legitur⁴,
723 3452 837 3532 factus,
863 3463 1035 3538 postquam
1056 3473 1211 3518 revocare
1233 3453 1331 3518 noluit

213 3539 379 3601 Antimum
402 3533 628 3619 patriarcham,
650 3535 811 3601 hominem
829 3536 1017 3617 hereticum,
1038 3534 1168 3600 abesto
1185 3539 1329 3623 Agapcto

214 3621 383 3685 decessore
405 3640 464 3681 suo
486 3619 665 3703 depositum
687 3642 746 3704 pro
767 3620 911 3706 nequitia
924 3617 1020 3698 illius,
1043 3629 1179 3704 propter
1193 3621 1256 3686 hoc
1277 3642 1331 3707 per

214 3703 410 3767 iussionem‘¹
424 3715 579 3787 augustae
594 3714 643 3766 est
660 3703 843 3788 depositus3
867 3704 920 3765 cui
931 3703 1069 3787 Vigilius
1085 3704 1330 3770 archidiaconus

216 3787 283 3849 eius
312 3787 474 3865 successit,
503 3788 559 3871 qui
587 3788 760 3872 praecipue
785 3786 996 3872 depositionis
1021 3787 1125 3871 ipsius
1154 3809 1254 3852 causa
1281 3812 1331 3854 ex-

214 3871 288 3949 titit,
318 3870 374 3954 qui
402 3870 498 3933 etiam
528 3871 663 3936 eundem
685 3892 803 3956 papam
826 3892 921 3934 suum
943 3871 1105 3955 deportari
1132 3872 1168 3934 in
1199 3872 1331 3937 exilium

215 4020 239 4072 a)
255 4022 401 4071 bsptismatis
417 4025 438 4063 1.
483 4022 508 4075 b)
523 4025 579 4063 deest
595 4027 617 4065 1.
664 4022 685 4076 r)
701 4024 835 4064 Theotimus
850 4024 970 4074 Labrone.
1015 4021 1039 4075 d)
1054 4025 1086 4062 s'tc
1095 4023 1167 4074 c.p.,·
1182 4027 1298 4067 visionem
1315 4028 1332 4064 1.

217 4147 243 4208 1)
269 4145 351 4196 Liber
369 4147 463 4212 pontif.
486 4164 510 4199 c.
529 4148 573 4208 69,
597 4147 617 4198 l.
637 4163 661 4197 c.
686 4163 713 4212 p.
734 4145 796 4196 129.
874 4146 901 4209 2)
922 4145 989 4196 Inde
1012 4145 1135 4207 efficitur,
1158 4148 1230 4199 haec
1253 4149 1334 4199 verba

215 4224 329 4270 exeunte
349 4220 513 4271 ann01092.
532 4221 633 4286 scripta
651 4236 720 4271 esse.
806 4217 836 4283 3)
863 4218 904 4269 Cf.
923 4218 941 4268 l.
960 4219 1012 4281 111,
1038 4235 1062 4269 c.
1082 4220 1110 4270 2.
1203 4224 1233 4286 4)
1252 4223 1334 4273 Liber

215 4292 319 4358 pontif„
337 4292 356 4344 l.
370 4309 394 4343 c.
416 4310 444 4359 p.
463 4293 524 4345 1³0.
