2804 4830
255 371 305 420 Dc
324 368 485 421 UNITATE
505 370 710 423 accensus
730 372 1002 426 CONSERVANDA.
1156 375 1190 427 81

63 540 157 619 fecit,
186 536 245 602 ubi
271 559 345 602 eum
372 537 458 601 fame
484 536 701 603 tribulationis
728 548 760 604 et
788 561 874 626 aqna
902 540 1079 627 angustiae,
1109 540 1193 605 sicut

63 622 215 708 legitur¹‚
226 642 330 709 usque
343 620 386 686 ad
400 631 536 687 mortem
552 625 751 688 sustentavit.
773 623 865 688 Haec
881 626 1042 724 quamvis·
1054 623 1192 709 Vigilius

64 707 193 788 fecerit,
220 728 316 772 nemo
344 713 454 770 tamen
479 707 513 769 in
538 707 621 770 banc
642 709 912 792 praesumptionis
934 709 1096 774 audatiam
1118 731 1191 793 prc-

65 814 106 856 ru
131 792 167 871 it,
188 798 225 855 ut
245 789 351 875 ipsum
373 790 538 854 Romanae
559 790 713 856 ecclesiae
734 792 920 876 pontificem
941 792 994 857 vel
1015 794 1191 858 hereticum

65 813 130 940 vel
149 874 256 960 furem
284 873 500 960 descripserit,
544 873 596 939 De
620 897 684 960 quo
715 885 801 940 certe
827 876 957 961 Vigilio,
979 887 1093 961 postea
1119 898 1191 962 per-

64 980 167 1062 pesso
189 957 290 1023 multa
334 959 453 1023 oricula
473 980 532 1043 pro
546 959 692 1042 ecclesia,
714 981 810 1045 quam
827 961 898 1045 ipse
919 981 1038 1046 magna
1058 961 1192 1045 regebat

65 1042 239 1124 mdustria,
252 981 364 1118 deillo,
387 1043 528 1128 inquam,
548 1044 661 1108 scribit
679 1043 797 1108 Arator
811 1043 1029 1108 subdiaconus
1044 1046 1077 1108 in
1093 1066 1190 1130 opere

65 1149 128 1194 suo
139 1138 163 1209 ²,
186 1127 274 1214 quod
295 1125 336 1190 de
350 1125 476 1190 actibus
491 1127 709 1212 apostolorum
726 1128 906 1213 composuit
928 1129 1057 1192 heroico
1073 1136 1190 1194 metro:

293 1214 408 1267 Publica
426 1215 542 1280 libertas,
569 1217 650 1285 Vipili
668 1216 832 1269 sanctissime
847 1235 932 1284 papa,

364 1287 483 1342 Advenis
500 1289 602 1342 iucluao
621 1293 721 1343 solvere
740 1291 829 1343 cincla
845 1290 929 1359 yrcyi.

291 1361 334 1414 De
350 1363 451 1429 ylodiir
468 1364 614 1429 rapiuntur
632 1381 692 1416 ovea
707 1373 815 1430 pastore
833 1365 953 1416 ministro

364 1435 451 1501 Inque
470 1435 584 1488 leomeria
595 1437 722 1503 ferimur,
742 1445 766 1489 te
784 1446 933 1499 revocante,
947 1437 1011 1503 piis.

289 1508 349 1560 Hoc
366 1508 421 1572 tibi,
440 1526 534 1576 mapne
548 1516 637 1575 pater,
660 1528 719 1562 cum
736 1511 826 1578 defero
846 1527 943 1562 munus
963 1509 1070 1573 omorio,

364 1581 482 1648 Respice,
502 1584 574 1648 quod
592 1583 692 1635 meritis
711 1584 800 1636 debita
818 1585 891 1638 solvo
908 1583 969 1636 tuis.

153 1648 205 1714 22.
243 1647 353 1747 ,Igitur
381 1649 530 1748 Clemens
559 1673 646 1798 papa
673 1650 805 1736 cupiens
833 1673 966 1800 {regem
995 1649 1129 1748 Domini
1158 1658 1298 1722 etrxxmt

64 1753 144 1799 oves
172 1730 294 1797 Cbrlstr
323 1754 366 1798 ex
393 1754 507 1819 rapma
535 1755 575 1798 ac
624 1738 808 1800 evoratione
859 1735 1011 1798 estiarum
1039 1755 1109 1819 agrr
1130 1734 1190 1797 eri-

62 1838 153 1904 pere,
176 1826 208 1882 ct
229 1814 318 1903 quod
339 1819 479 1902 perierat
500 1840 663 1903 quaerere,
685 1818 772 1905 quod
793 1819 956 1882 infirmum
979 1816 1190 1899 consolidare,

63 1911 97 1968 et
113 1898 203 1988 quod
216 1909 384 1987 aegrotum
400 1910 468 1966 erat
485 1923 608 1985 sanare,
632 1902 718 1987 quod
736 1901 872 1967 fractum
894 1901 1035 1988 alligare,
1057 1910 1089 1965 et
1103 1900 1190 1985 quod

63 1984 253 2052 abiectuml
281 1994 350 2049 erat
380 1985 548 2069 reducere,
578 1987 743 2052 constituit
777 1985 957 2072 apostolica
991 1986 1189 2067 auctoritate,

62 2091 101 2134 su
127 2068 286 2134 radietam
307 2068 467 2155 synodum
487 2069 559 2136 fieri
580 2071 614 2133 in
634 2092 735 2156 regno
750 2070 950 2135 Theutonico
972 2068 1059 2154 apud
1073 2078 1190 2133 metro-

63 2090 155 2240 polin
177 2154 340 2218 civitatem
362 2153 558 2239 Moguntiae,
588 2163 624 2218 ut
645 2164 795 2240 ageretur
816 2154 862 2218 ibi
884 2155 924 2219 de
946 2152 1009 2217 fide
1032 2149 1189 2217 catholica

64 2247 99 2304 et
129 2257 211 2324 pace
243 2236 451 2302 ecclesiarum
484 2247 580 2324 atque
614 2239 799 2322 concordia3
831 2238 905 2303 ideo
930 2260 970 2302 ue
1003 2236 1114 2301 aderat
1142 2235 1189 2300 ibi

64 2321 211 2387 omnium
234 2343 408 2386 consensus
432 2323 659 2472 episcoporum
689 2322 729 2388 de
752 2324 839 2387 omni
861 2261 1019 2387 calbolica
1040 2320 1188 2402 ecclesia,

63 2405 99 2470 in
128 2426 268 2492 quorum
296 2403 426 2471 alternis
456 2406 547 2471 cordi
571 2430 609 2470 us
631 2408 713 2472 vivit
734 2405 887 2507 spiritalis
909 2426 1000 2471 amor
1021 2416 1053 2471 et
1072 2404 1188 2490 gratia,

63 2499 110 2573 ut,
125 2493 212 2556 sicut
226 2491 381 2554 unitatem
397 2499 504 2556 tenere
523 2491 657 2554 firmiter
679 2501 711 2557 et
725 2492 891 2557 vmdicare
913 2490 1032 2556 debent
1046 2489 1188 2553 maxime

63 2575 211 2661 episcopi
239 2574 296 2661 qui
321 2575 355 2637 in
376 2573 513 2639 ecclesia
533 2575 726 2660 praesident,
749 2578 795 2641 ita
817 2578 1037 2660 episcopatum
1061 2594 1189 2660 quoque

63 2680 165 2723 unum
198 2667 296 2743 atque
327 2658 502 2723 indivisum
535 2658 683 2744 probent.
729 2660 854 2726 Aderat
886 2661 980 2724 etiam
1014 2659 1189 2742 imperator

62 2740 259 2823 Henrichus,
281 2743 455 2828 praecipue
477 2755 590 2808 auctor
612 2743 706 2807 huius
728 2744 853 2829 synodi,
884 2744 960 2830 quia
984 2741 1062 2806 nihil
1084 2750 1189 2805 tutum

62 2848 168 2893 neue
199 2826 328 2891 firmum
356 2828 475 2912 poterit
496 2849 568 2892 esse
594 2829 629 2890 in
656 2827 705 2891 his
731 2850 815 2913 quae
837 2838 912 2893 sunt
934 2824 1103 2908 eiusmodi,
1125 2825 1188 2889 nisi

63 2850 218 2977 dedendat
238 2919 271 2976 et
283 2912 400 2997 probet
414 2932 452 2975 ea
466 2911 583 2996 regalis
598 2912 770 2975 auctoritas
791 2933 851 2996 pro
866 2912 1034 2974 maiestate
1048 2909 1187 2994 imperii.

64 2994 130 3061 Sed
145 2994 303 3061 adversae
321 2995 423 3080 partis
446 2995 600 3081 episcopi,
623 2995 789 3079 cupientes
811 2994 894 3058 hanc
914 2993 1069 3057 indictam
1093 3015 1188 3076 syno-

63 3079 143 3145 dum
165 3098 406 3166 praeoccupare
427 3088 484 3143 aut
527 3088 716 3159 mavortem,
738 3086 956 3142 convenerunt
970 3077 1053 3139 infra
1067 3076 1188 3140 hebdo-
1197 3081 1279 3181 31⁰3}

55 3164 194 3243 ,madum
216 3186 335 3249 pascae
356 3164 391 3226 in
413 3101 543 3228 castelo
569 3163 708 3249 quodam
732 3162 895 3228 Saxoniae
917 3157 1189 3245 Quidilingeburg
1219 3151 1234 3192 Ρ
1266 3142 1321 3185 '²⁰⁸

62 3249 205 3331 nomine,
231 3247 289 3312 ubi
317 3247 408 3312 locus
437 3257 486 3312 est
511 3247 770 3332 congregationis
797 3247 987 3312 feminarum
1017 3243 1094 3307 Deo,
1124 3265 1187 3308 ser-

61 3333 220 3399 vientium
244 3332 303 3397 sub
327 3332 484 3397 canonica
504 3333 714 3397 institutione.
743 3331 788 3396 Et
805 3341 841 3395 ut
858 3327 1053 3413 conspiratio
1077 3349 1188 3392 eorum

61 3415 136 3504 plus
157 3414 280 3482 valeret
300 3424 332 3482 et
353 3415 518 3501 deciperet
538 3415 707 3481 columbae
729 3415 977 3501 simplicitatem,
1006 3432 1102 3498 quam
1124 3432 1188 3474 ser·

84 3502 168 3567 antis
183 3501 303 3566 astutia
316 3522 381 3566 non
396 3508 593 3581 temerasset,
608 3500 812 3564 adduxerant
826 3497 987 3584 quendam
1003 3494 1064 3559 sub
1080 3494 1187 3579 specie

60 3522 161 3671 ligati
175 3584 262 3650 sedis
277 3581 482 3670 apostolicae,
499 3585 555 3671 qui
569 3585 675 3654 dictus
690 3593 739 3648 est
754 3583 830 3649 Otto
846 3584 1017 3668 episcopus
1029 3578 1187 3645 Ostiensis

61 3668 233 3750 ecclesiae,
256 3691 330 3734 cum
344 3670 410 3732 iam
426 3666 578 3734 Clemens
594 3690 680 3755 papa
694 3667 893 3753 praesideret
906 3667 1071 3730 Romanae
1086 3659 1187 3727 eccle-

61 3756 141 3819 siae.
173 3754 333 3818 Intererat
354 3753 450 3818 etiam
472 3752 548 3818 huic
570 3753 743 3818 conventui
762 3775 821 3816 rex
837 3751 1002 3816 Saxonum
1018 3747 1187 3811 Heriman-

61 3860 133 3920 nus,
150 3839 204 3901 cui
219 3860 260 3902 ne
274 3836 362 3923 apud
378 3858 453 3900 suos
469 3838 600 3923 quidem
615 3837 816 3903 tribuebatur
830 3833 932 3899 honor
946 3833 1065 3917 regius,
1087 3853 1107 3895 a
1122 3852 1187 3916 quo

60 3932 140 3990 tunc
162 3933 194 3987 et
214 3920 301 3986 illius
323 3921 440 4006 synodi
462 3922 570 4008 coepit
590 3931 754 3987 tractatus
789 3920 874 3984 Nam
895 3924 1091 3981 memoratus
1109 3913 1187 3979 Otto

51 4009 254 4094 episcopus:
276 4005 432 4070 ‘Audiens
455 4006 533 4090 cgo',
554 4007 670 4092 inquit,
694 4004 793 4092 ‘quod
807 4025 866 4068 rex
881 4009 987 4067 vester
1008 3998 1187 4084 legitimum

60 4167 85 4223 a)
102 4171 203 4220 quanvis
220 4171 241 4211 1.
301 4167 325 4220 b)
341 4167 454 4207 abiectam
470 4169 497 4218 13
512 4168 592 4209 emend.
609 4167 700 4208 deterit.

63 4282 92 4351 1)
110 4284 174 4335 Lib.
194 4287 269 4350 pont.
295 4283 315 4333 l.
335 4297 359 4332 c.
384 4298 410 4346 p.
433 4281 493 4334 130.
581 4279 609 4346 2)
628 4279 726 4332 Arator
752 4281 785 4332 de
811 4279 917 4331 actibus
937 4274 1118 4344 apostolorum
1144 4272 1187 4324 ad.

61 4356 189 4421 Amtasn,
209 4356 343 4423 Zutphan.
358 4352 437 4406 1769.
450 4373 477 4421 p.
490 4354 606 4406 19-21.
625 4354 702 4421 epist.
716 4354 752 4405 ad
764 4353 892 4420 Vigilium
907 4351 1022 4403 v.c-c.
1034 4355 1061 4400 ct
1071 4347 1188 4399 27-28.

941 4436 956 4484 6
