2812 4830
272 316 322 365 DE
342 316 500 367 UNITATE
519 317 724 372 ECCLESIAE
746 322 1021 378 CONSERVANDA.
1170 332 1205 382 39

82 481 126 545 de
142 503 207 568 quo
221 481 307 546 dicta
322 492 397 547 sunt
417 483 573 584 gloriosa3
596 487 653 551 ubi
676 489 758 554 inter
779 489 842 553 alia
863 491 1011 577 plurima,
1035 507 1206 580 quaesunt

82 566 255 668 eiusmodi,
277 566 417 652 loquitur
439 579 513 633 Ista:
546 586 682 646 Quamdiu
701 589 851 652 permintae
876 598 938 642 sunt
963 593 1055 645 ambae
1078 593 1203 660 ciuitates,
1216 615 1317 659 enan.

82 662 186 707 utemur
210 663 235 708 ct
259 675 306 708 noo
321 674 391 724 paee
410 658 565 725 Babylonio,
592 675 625 709 en
644 677 698 724 qua
716 660 756 711 ita
770 679 822 727 per
833 663 917 728 fidem
931 668 1050 730 populus
1068 666 1122 719 Dei
1140 669 1202 720 libe-

80 737 170 792 ratur,
191 736 221 780 ut
240 731 315 795 apud
339 732 407 783 lianc
430 731 535 783 interim
553 732 770 799 poreqrinemum·
789 744 900 800 propter
922 739 993 802 quod
1017 747 1041 790 et
1067 743 1201 805 apoetolue
1212 756 1359 810 1.T1m.8,1.2

77 803 224 854 admonuit
250 805 392 868 eccleciam,
418 811 447 855 ut
473 812 561 856 oraret
579 822 632 869 pro
656 807 761 872 reyibus
786 808 842 860 eiuo
868 816 945 875 atque
964 812 1132 874 sublimibu35
1153 816 1201 866 ad·

81 877 150 926 dene
179 883 203 927 et
229 876 331 939 dicens,
362 886 391 928 nt
416 878 531 943 quietam
560 885 583 928 et
608 880 780 944 tranquillam
805 897 916 948 cyamus
940 884 1021 935 uitam
1047 903 1106 937 cum
1130 888 1202 939 omni

75 949 180 1014 pietate
199 957 223 1001 et
241 951 358 1002 caritate.
396 951 432 1001 El
446 952 579 1017 propbeta
596 951 946 1020 Hieremiae,cumpopulo
965 957 1119 1010 Delectari
1135 951 1256 1025 pro-¹⁰¹·
1268 953 1356 1003 ΜΒ

79 1023 221 1074 nuntiaret
249 1024 428 1089 captiuitatem
453 1032 477 1076 et
502 1023 630 1076 diuinitus
654 1025 812 1091 imperaret,
845 1035 874 1078 ut
899 1030 1049 1082 obedienter
1080 1032 1149 1084 irent
1172 1033 1201 1084 in
1268 1012 1305 1052 ¹⁷⁰

79 1095 263 1162 Babyloniam
281 1096 339 1148 Deo
359 1115 408 1148 ouo
428 1098 506 1148 etiam
530 1098 583 1148 ieta
597 1097 733 1162 patientia
751 1100 900 1166 servientes,
925 1103 1026 1154 monuit
1045 1111 1069 1156 el
1087 1104 1151 1169 ipae,
1172 1113 1202 1157 ul

78 1185 207 1230 oraretur
226 1197 278 1244 pro
302 1179 359 1242 illa,
379 1179 477 1243 dicens,
503 1179 568 1244 quia
593 1180 629 1231 ‘in
649 1180 706 1232 ciue
720 1198 790 1245 pace
810 1191 847 1234 eet
861 1201 922 1248 paro
941 1188 1042 1237 ucstra’.
1081 1171 1201 1236 Beatus
1211 1196 1258 1236 Ier.
1268 1195 1303 1248 29,
1313 1197 1334 1239 7.

76 1256 190 1311 autem
212 1245 362 1332 populus,
385 1247 476 1309 cuius
499 1248 648 1310 dominus
670 1248 761 1312 Deus
784 1250 861 1331 eius,
891 1261 923 1316 et
943 1254 1041 1317 miser
1062 1254 1348 1340 populusPs.1n,15

76 1328 122 1394 ab
151 1332 214 1395 isto
236 1331 308 1396 Deo
337 1328 504 1413 alienatus,
531 1329 635 1416 qualis
665 1333 761 1397 etiam
788 1356 853 1398 non
875 1344 923 1399 est
944 1335 1072 1420 dignus,
1092 1350 1129 1403 ut
1150 1340 1203 1406 vel
1243 1331 1307 1376 ’³²

77 1423 226 1479 terrenae
255 1413 308 1480 vel
330 1413 475 1479 caelestis
497 1417 544 1479 rei
565 1413 712 1500 publicae
734 1417 776 1481 sit
796 1417 947 1503 populus.
983 1419 1048 1485 Res
1070 1422 1202 1506 publica

78 1500 168 1564 enim
182 1498 310 1581 dicitur,
332 1499 419 1584 quod
434 1499 477 1563 sit
495 1520 546 1563 res
562 1497 685 1598 populi,
707 1500 790 1565 sicut
811 1502 924 1567 scribit
943 1513 1071 1569 sanctus
1087 1508 1200 1593 Augu-

76 1583 184 1647 stinus
206 1583 333 1668 inipso
357 1581 573 1648 tuttundo
596 1585 724 1648 onitate
746 1584 847 1670 Dei13
871 1586 927 1651 sed
949 1610 992 1673 po
1017 1587 1107 1653 ulum
1130 1614 1200 1658 osse

75 1666 192 1732 definit
213 1677 338 1732 coetum
361 1665 573 1732 multitudinis
595 1669 675 1731 iuris
697 1689 854 1735 consensu
875 1670 927 1736 vol
948 1611 1093 1738 utilitatis
1115 1696 1201 1740 oom-

75 1751 232 1817 munione
254 1753 421 1816 sociatum.
465 1751 552 1832 Quid
573 1761 681 1816 autem
704 1751 791 1818 dicat
811 1755 890 1819 iuris
913 1776 1114 1840 consensum,
1137 1759 1200 1824 dis-

74 1836 222 1922 putando
253 1835 404 1921 explicat,
433 1858 491 1921 per
516 1836 577 1899 hoo
601 1835 782 1918 ostendens,
810 1840 881 1923 geri
900 1841 969 1904 sine
991 1841 1113 1906 iustitia
1133 1864 1199 1907 non

75 1942 174 2006 posse
195 1942 263 1984 rem
285 1917 460 2006 publicam.
509 1935 558 1987 Ubi
578 1953 647 2002 erqo,
666 1920 779 2005 inquil,
800 1937 904 1988 iustitia
925 1955 991 1989 uera
1013 1957 1068 1990 non
1086 1947 1132 2005 eet,
1150 1959 1198 1994 mec

74 2011 121 2062 ius
136 2016 223 2076 potest
242 2027 313 2073 esee3
331 2010 403 2076 quod
422 2009 490 2061 enim
508 2009 567 2060 iure
579 2010 622 2075 fit,
638 2010 758 2077 profecto
777 2009 844 2060 iuste
857 2011 899 2076 fit,
919 2011 991 2075 quod
1009 2015 1138 2080 autemfit
1156 2015 1197 2065 in-

73 2085 154 2148 iusto,
179 2100 227 2134 nco
250 2084 309 2135 iure
325 2082 390 2149 fieri
408 2089 511 2148 potest,
535 2100 589 2133 non
614 2083 683 2133 enim
707 2083 770 2133 iura
793 2083 907 2134 dicenda
932 2090 995 2134 sunl
1014 2086 1056 2136 cel
1069 2088 1198 2150 putanda

73 2157 227 2224 quaelibeta
244 2157 339 2222 iniqua
352 2156 486 2208 bominum
498 2155 646 2208 constituta.
668 2155 799 2217 Quocirca
818 2155 865 2206 ubi
883 2174 936 2207 non
956 2164 993 2208 eet
1007 2174 1072 2208 ocra
1084 2159 1196 2224 iustitia,

73 2231 146 2282 iuris
175 2247 302 2282 consenou
330 2229 445 2280 sociatus
474 2235 561 2280 coetue
585 2229 720 2280 bominum
744 2247 798 2280 non
817 2235 904 2293 potest
928 2246 990 2292 eree,
1016 2237 1039 2281 ct
1064 2230 1123 2283 ideo
1148 2250 1196 2285 nec

70 2305 208 2370 populum
233 2311 257 2354 et
280 2303 305 2354 si
329 2320 383 2354 non
398 2303 525 2367 populus,
549 2319 597 2353 nec
616 2319 658 2354 res
673 2302 778 2368 populi,
798 2303 846 2354 scd
864 2303 1055 2368 qualiscunque
1079 2305 1196 2369 mullitu-

72 2377 158 2440 dinis,
178 2393 247 2442 quac
256 2377 354 2442 populi
365 2375 469 2426 nomine
488 2375 572 2441 diyna
590 2393 644 2426 non
663 2383 707 2427 est.
733 2373 770 2427 Aa
784 2391 836 2440 per
854 2375 910 2435 boc,
929 2376 954 2428 ei
972 2377 1135 2441 respublica
1153 2396 1195 2431 ree

74 2457 114 2503 eet
127 2451 232 2516 populi,
252 2457 276 2501 et
289 2452 407 2516 populun
426 2466 480 2499 non
500 2455 545 2511 eet,
561 2449 608 2514 qui
627 2466 754 2500 consensu
778 2448 846 2499 iuris
870 2449 984 2500 sociatus
1003 2467 1057 2501 non
1078 2457 1122 2514 en,
1142 2469 1197 2503 non

73 2531 114 2576 est
135 2531 223 2575 autem
240 2524 292 2586 ius,
312 2523 452 2574 ubimulta
470 2521 574 2572 iustitia
593 2529 639 2585 est,
654 2523 753 2587 procul
770 2521 850 2572 dorbia
869 2522 1009 2589 colliqitnr,
1029 2523 1076 2573 ubi
1093 2523 1196 2576 iustitia

74 2614 130 2649 non
149 2603 195 2662 est,
214 2613 269 2648 non
287 2612 342 2648 esee
359 2612 416 2646 rem
430 2594 575 2659 publicam.
610 2595 719 2646 Iustitia
733 2612 816 2661 porro
837 2601 874 2646 eet
893 2611 925 2646 ea
944 2595 1037 2660 uirtus,
1074 2613 1126 2648 uae
1145 2614 1196 2648 oua

72 2680 170 2746 cuique
189 2678 331 2730 distributo.
375 2663 420 2727 Et
440 2662 536 2810 longe
556 2684 655 2749 supra
676 2661 763 2727 idem
785 2661 986 2747 Augustinus
1008 2665 1042 2726 in
1057 2614 1145 2728 libro
1164 2666 1195 2730 2.

74 2748 116 2812 de
149 2746 278 2812 civitate
310 2745 374 2810 Dei
405 2747 489 2812 intro
513 2767 611 2811 ucens
645 2746 834 2812 sententiam
867 2746 918 2810 vel
952 2745 1115 2832 Scipionis
1143 2748 1196 2812 vel

74 2828 174 2896 Tullii
189 2829 229 2894 (le
243 2852 278 2894 re
294 2827 441 2916 publica:
463 2843 538 2897 Sicut
556 2843 585 2897 in
597 2845 708 2911 fidibus,
727 2831 861 2916 inqult²,
884 2863 916 2896 ao
935 2845 1005 2896 tibiis
1023 2852 1101 2910 atque
1114 2853 1194 2898 cantu

72 2923 132 2988 ipso
153 2938 185 2972 ao
202 2921 309 2971 uocibus
329 2929 467 2972 concentus
487 2919 652 2985 estquidam
671 2920 799 2971 tenendus
818 2936 851 2971 ea
870 2918 1097 2981 distinctionum,
1117 2937 1194 2984 quem

72 2996 240 3047 immutatum
265 3002 343 3060 atquc
368 2993 560 3059 discrepantem
583 3009 662 3042 aureo
682 2993 802 3044 eruditae
812 2993 891 3058 ferre
909 3008 963 3041 non
978 2998 1099 3055 posenni,
1118 2992 1194 3057 isque

72 3074 213 3121 concentui
234 3084 266 3118 ea
285 3066 523 3118 dissimillimarum
542 3083 634 3116 uocum
652 3065 830 3116 moderatione
850 3081 957 3116 concors
977 3070 1063 3116 lamen
1079 3065 1193 3130 efficitur

71 3149 98 3194 ct
117 3157 257 3208 conyruus,
277 3140 315 3191 cic
333 3135 387 3192 enh
408 3139 515 3191 summis
535 3145 559 3189 ct
576 3138 673 3204 infimis
692 3145 715 3189 et
734 3138 826 3190 mediis
844 3135 986 3189 interiectis
999 3136 1146 3200 ordinibus,
1163 3144 1193 3187 ut

72 3215 153 3278 somn,
177 3215 315 3265 moderata
338 3213 442 3264 ratione
464 3211 594 3264 ciuitatem
619 3227 745 3263 consentu
768 3210 1002 3263 dissimillimorum
1021 3209 1112 3260 dicunt
1131 3227 1191 3260 con·

70 3289 176 3359 cinere,
195 3293 219 3339 et
236 3303 306 3352 quae
324 3286 466 3338 harmonia
481 3303 498 3335 a
516 3284 623 3336 musicis
642 3284 740 3337 dicitnr
762 3284 790 3335 in
811 3290 901 3348 cantu,
928 3299 986 3333 eam
1005 3298 1060 3333 esse
1078 3281 1108 3333 in
1128 3281 1191 3333 ciui·

71 3360 125 3412 late
145 3360 323 3422 concordiam,
343 3360 504 3411 artissimum
524 3365 602 3424 atque
615 3358 740 3424 optimum
753 3357 824 3409 omni
841 3357 871 3409 in
889 3354 1038 3420 republica
1056 3354 1191 3406 uinculum

69 3433 269 3498 incolumitatis,
298 3449 407 3498 eamque
435 3432 493 3483 sinc
520 3431 623 3483 iustitia
647 3433 721 3483 nullo
745 3437 825 3497 pacto
854 3447 909 3483 esse
932 3444 1018 3493 posse.
1057 3427 1202 3495 Populum,

70 3514 160 3558 autem
184 3524 239 3558 non
264 3523 364 3557 omnem
391 3513 491 3558 coctum
514 3503 699 3567 multitudinis,
723 3506 770 3556 red
795 3511 894 3556 coetum
917 3501 985 3552 iuris
1009 3516 1138 3552 consensu
1167 3507 1191 3551 et

69 3580 193 3632 utilitatis
212 3580 391 3631 communione
410 3579 537 3630 rociatum
557 3595 611 3629 esse
629 3577 813 3642 determinant,
834 3584 857 3628 et
870 3575 970 3635 dicunt,
990 3579 1191 3626 tumescerem

64 3654 211 3719 publicam,
231 3653 260 3703 iol
279 3660 316 3705 est
333 3669 389 3704 rem
403 3651 508 3717 populi,
528 3669 585 3702 eum
605 3651 669 3703 bene
686 3668 717 3702 ae
729 3651 797 3702 iuste
808 3650 919 3717 qeritur,
938 3647 992 3698 riae
1006 3647 1039 3697 ab
1053 3664 1106 3698 uno
1119 3663 1189 3714 reae,

67 3727 124 3778 ciue
145 3744 162 3776 a
176 3725 274 3792 paucio
293 3725 470 3792 optimatibus,
490 3724 544 3775 siue
564 3724 597 3774 ab
616 3724 739 3776 uniuerso
755 3725 866 3790 populo.
905 3721 969 3774 aum
992 3736 1054 3771 acro
1073 3719 1190 3770 iniustus

68 3806 108 3852 est
130 3816 187 3862 ren,
213 3816 290 3865 quem
315 3806 458 3865 tyrannum
484 3815 555 3849 more
575 3797 677 3850 Graeco
701 3798 845 3862 appellant,
865 3802 912 3846 aut
930 3793 1024 3844 iniusti
1042 3792 1190 3858 optimates,

68 3890 183 3938 qaorum
201 3889 354 3924 consensum
372 3872 464 3923 dicunt
482 3887 536 3922 esse
548 3870 705 3936 factionem,
726 3877 773 3921 aut
791 3869 907 3920 iniustus
925 3867 981 3932 ipse
996 3867 1126 3932 populus,
1147 3864 1191 3915 oui

64 3963 163 3997 nomen
188 3946 315 3997 usitatum
339 3963 393 3998 non
412 3944 556 4010 reperiunt,
575 3943 629 3995 nisi
647 3944 726 3995 etiam
744 3944 832 4010 ipsum
851 3949 996 4008 tyrannum
1016 3944 1116 4002 nocent,
1135 3954 1191 3989 non

66 4117 93 4170 u)
111 4119 167 4158 doen
182 4116 238 4168 Aeco.
300 4117 324 4170 b)
341 4122 364 4160 ot
380 4121 399 4159 1.
417 4117 475 4168 Auo.

68 4281 97 4344 1)
119 4280 208 4346 Opera
227 4280 292 4343 VII,
311 4297 337 4347 p.
357 4277 419 4329 564.
495 4276 524 4341 2)
544 4276 584 4328 cf.
606 4278 696 4344 Opera
714 4276 776 4340 VII,
797 4291 824 4341 p.
844 4274 888 4323 48.
909 4273 953 4323 49.
