<?xml version="1.0" encoding="UTF-8"?>
<!DOCTYPE html PUBLIC "-//W3C//DTD XHTML 1.0 Transitional//EN"
    "http://www.w3.org/TR/xhtml1/DTD/xhtml1-transitional.dtd">
<html xmlns="http://www.w3.org/1999/xhtml" xml:lang="en" lang="en">
 <head>
  <title>
</title>
<meta http-equiv="Content-Type" content="text/html;charset=utf-8" />
  <meta name='ocr-system' content='tesseract 3.04.00' />
  <meta name='ocr-capabilities' content='ocr_page ocr_carea ocr_par ocr_line ocrx_word'/>
</head>
<body>
  <div class='ocr_page' id='page_1' title='image "./waltramiutvidet00schwgoog_0093.png"; bbox 0 0 2812 4830; ppageno 0'>
   <div class='ocr_carea' id='block_1_1' title="bbox 218 368 1155 426">
    <p class='ocr_par' dir='ltr' id='par_1_1' title="bbox 218 368 1155 426">
     <span class='ocr_line' id='line_1_1' title="bbox 218 368 1155 426; baseline -0.005 -1"><span class='ocrx_word' id='word_1_1' title='bbox 218 375 253 426; x_wconf 87' lang='grc'><strong>66</strong></span> <span class='ocrx_word' id='word_1_2' title='bbox 408 374 459 424; x_wconf 84' lang='lat' dir='ltr'><strong>DE</strong></span> <span class='ocrx_word' id='word_1_3' title='bbox 478 372 635 424; x_wconf 80' lang='lat' dir='ltr'><strong>UNI&#39;PATE</strong></span> <span class='ocrx_word' id='word_1_4' title='bbox 654 370 857 422; x_wconf 79' lang='lat' dir='ltr'><strong>Echusmu</strong></span> <span class='ocrx_word' id='word_1_5' title='bbox 877 368 1155 422; x_wconf 64' lang='lat' dir='ltr'><strong>consueverint.</strong></span> 
     </span>
    </p>
   </div>
   <div class='ocr_carea' id='block_1_2' title="bbox 209 543 1335 1929">
    <p class='ocr_par' dir='ltr' id='par_1_2' title="bbox 209 543 1335 1361">
     <span class='ocr_line' id='line_1_2' title="bbox 219 543 1334 612; baseline -0.002 -14"><span class='ocrx_word' id='word_1_6' title='bbox 219 551 319 598; x_wconf 74' lang='lat' dir='ltr'><strong>oraresa</strong></span> <span class='ocrx_word' id='word_1_7' title='bbox 338 545 464 609; x_wconf 78' lang='lat' dir='ltr'><strong>historiis,</strong></span> <span class='ocrx_word' id='word_1_8' title='bbox 484 563 564 612; x_wconf 83' lang='lat' dir='ltr'><strong>qaam</strong></span> <span class='ocrx_word' id='word_1_9' title='bbox 583 561 662 610; x_wconf 83' lang='lat' dir='ltr'><strong>saepe</strong></span> <span class='ocrx_word' id='word_1_10' title='bbox 675 545 817 610; x_wconf 84' lang='lat' dir='ltr'><strong>praesules</strong></span> <span class='ocrx_word' id='word_1_11' title='bbox 834 561 889 595; x_wconf 79' lang='lat' dir='ltr'><strong>aon</strong></span> <span class='ocrx_word' id='word_1_12' title='bbox 907 546 990 595; x_wconf 85' lang='lat' dir='ltr'><strong>solam</strong></span> <span class='ocrx_word' id='word_1_13' title='bbox 1003 543 1151 610; x_wconf 76' lang='lat' dir='ltr'><strong>apostolici,</strong></span> <span class='ocrx_word' id='word_1_14' title='bbox 1172 543 1221 594; x_wconf 83' lang='lat' dir='ltr'><strong>scd</strong></span> <span class='ocrx_word' id='word_1_15' title='bbox 1238 549 1263 596; x_wconf 83' lang='lat' dir='ltr'><strong>et</strong></span> <span class='ocrx_word' id='word_1_16' title='bbox 1275 561 1334 610; x_wconf 80' lang='lat' dir='ltr'><strong>pro·</strong></span> 
     </span>
     <span class='ocr_line' id='line_1_3' title="bbox 218 617 1335 687; baseline -0.002 -15"><span class='ocrx_word' id='word_1_17' title='bbox 218 619 346 672; x_wconf 82' lang='lat' dir='ltr'><strong>eineioles</strong></span> <span class='ocrx_word' id='word_1_18' title='bbox 364 621 394 671; x_wconf 81' lang='lat' dir='ltr'><strong>in</strong></span> <span class='ocrx_word' id='word_1_19' title='bbox 407 620 586 687; x_wconf 68' lang='lat' dir='ltr'><em>defensionem</em></span> <span class='ocrx_word' id='word_1_20' title='bbox 597 619 665 669; x_wconf 83' lang='lat' dir='ltr'><strong>iuris</strong></span> <span class='ocrx_word' id='word_1_21' title='bbox 679 617 801 671; x_wconf 83' lang='lat' dir='ltr'><strong>cononici</strong></span> <span class='ocrx_word' id='word_1_22' title='bbox 812 617 896 685; x_wconf 70' lang='lat' dir='ltr'><strong>repuli</strong></span> <span class='ocrx_word' id='word_1_23' title='bbox 910 617 965 670; x_wconf 81' lang='lat' dir='ltr'><strong>sice</strong></span> <span class='ocrx_word' id='word_1_24' title='bbox 983 617 1155 682; x_wconf 69' lang='lat' dir='ltr'><strong>imperatorio</strong></span> <span class='ocrx_word' id='word_1_25' title='bbox 1175 631 1230 668; x_wconf 81' lang='lat' dir='ltr'><strong>nort</strong></span> <span class='ocrx_word' id='word_1_26' title='bbox 1245 635 1335 684; x_wconf 77' lang='lat' dir='ltr'><strong>poper-</strong></span> 
     </span>
     <span class='ocr_line' id='line_1_4' title="bbox 209 684 1334 832; baseline -0.005 -77"><span class='ocrx_word' id='word_1_27' title='bbox 209 710 313 755; x_wconf 71' lang='lat' dir='ltr'><strong>eenenr</strong></span> <span class='ocrx_word' id='word_1_28' title='bbox 330 703 439 754; x_wconf 71' lang='lat' dir='ltr'><strong>namtas.</strong></span> <span class='ocrx_word' id='word_1_29' title='bbox 474 685 518 750; x_wconf 88' lang='lat' dir='ltr'><strong>Et</strong></span> <span class='ocrx_word' id='word_1_30' title='bbox 532 686 708 770; x_wconf 87' lang='lat' dir='ltr'><strong>subiungit,</strong></span> <span class='ocrx_word' id='word_1_31' title='bbox 732 685 819 785; x_wconf 82' lang='lat' dir='ltr'><strong>quod</strong></span> <span class='ocrx_word' id='word_1_32' title='bbox 834 685 1039 750; x_wconf 82' lang='lat' dir='ltr'><strong>Innocentius</strong></span> <span class='ocrx_word' id='word_1_33' title='bbox 1057 705 1145 832; x_wconf 78' lang='lat' dir='ltr'><strong>papa</strong></span> <span class='ocrx_word' id='word_1_34' title='bbox 1159 684 1334 749; x_wconf 85' lang='lat' dir='ltr'><strong>Arcadium</strong></span> 
     </span>
     <span class='ocr_line' id='line_1_5' title="bbox 219 767 1334 856; baseline -0.002 -22"><span class='ocrx_word' id='word_1_35' title='bbox 219 771 447 856; x_wconf 84' lang='lat' dir='ltr'><strong>imperatorem</strong></span> <span class='ocrx_word' id='word_1_36' title='bbox 478 771 539 836; x_wconf 89' lang='lat' dir='ltr'><strong>sub</strong></span> <span class='ocrx_word' id='word_1_37' title='bbox 562 770 773 835; x_wconf 82' lang='lat' dir='ltr'><strong>anathematis</strong></span> <span class='ocrx_word' id='word_1_38' title='bbox 794 767 922 835; x_wconf 86' lang='lat' dir='ltr'><strong>vinculo</strong></span> <span class='ocrx_word' id='word_1_39' title='bbox 953 792 973 834; x_wconf 88' lang='lat' dir='ltr'><strong>a</strong></span> <span class='ocrx_word' id='word_1_40' title='bbox 1001 767 1065 834; x_wconf 88' lang='lat' dir='ltr'><strong>fide</strong></span> <span class='ocrx_word' id='word_1_41' title='bbox 1078 769 1147 832; x_wconf 92' lang='lat' dir='ltr'><strong>ium</strong></span> <span class='ocrx_word' id='word_1_42' title='bbox 1178 771 1334 835; x_wconf 85' lang='lat' dir='ltr'><strong>consortio</strong></span> 
     </span>
     <span class='ocr_line' id='line_1_6' title="bbox 219 853 1334 941; baseline -0.001 -22"><span class='ocrx_word' id='word_1_43' title='bbox 219 854 426 940; x_wconf 80' lang='lat' dir='ltr'><strong>separaverit,</strong></span> <span class='ocrx_word' id='word_1_44' title='bbox 448 854 535 940; x_wconf 92' lang='lat' dir='ltr'><strong>quod</strong></span> <span class='ocrx_word' id='word_1_45' title='bbox 557 877 653 941; x_wconf 89' lang='lat' dir='ltr'><strong>quam</strong></span> <span class='ocrx_word' id='word_1_46' title='bbox 674 877 788 919; x_wconf 91' lang='lat' dir='ltr'><strong>verum</strong></span> <span class='ocrx_word' id='word_1_47' title='bbox 810 855 861 937; x_wconf 90' lang='lat' dir='ltr'><strong>sit,</strong></span> <span class='ocrx_word' id='word_1_48' title='bbox 883 875 926 919; x_wconf 88' lang='lat' dir='ltr'><strong>ex</strong></span> <span class='ocrx_word' id='word_1_49' title='bbox 944 853 995 917; x_wconf 89' lang='lat' dir='ltr'><strong>his</strong></span> <span class='ocrx_word' id='word_1_50' title='bbox 1023 874 1105 938; x_wconf 89' lang='lat' dir='ltr'><strong>quae</strong></span> <span class='ocrx_word' id='word_1_51' title='bbox 1126 853 1334 940; x_wconf 90' lang='lat' dir='ltr'><strong>insuperiori</strong></span> 
     </span>
     <span class='ocr_line' id='line_1_7' title="bbox 219 937 1334 1025; baseline 0 -23"><span class='ocrx_word' id='word_1_52' title='bbox 219 938 321 1003; x_wconf 91' lang='lat' dir='ltr'><strong>libro¹</strong></span> <span class='ocrx_word' id='word_1_53' title='bbox 344 939 531 1024; x_wconf 80' lang='lat' dir='ltr'><strong>scripsimus</strong></span> <span class='ocrx_word' id='word_1_54' title='bbox 553 938 604 1004; x_wconf 90' lang='lat' dir='ltr'><strong>vel</strong></span> <span class='ocrx_word' id='word_1_55' title='bbox 627 938 666 1003; x_wconf 88' lang='lat' dir='ltr'><strong>de</strong></span> <span class='ocrx_word' id='word_1_56' title='bbox 689 938 828 1003; x_wconf 86' lang='lat' dir='ltr'><strong>Arcadio</strong></span> <span class='ocrx_word' id='word_1_57' title='bbox 850 937 901 1003; x_wconf 94' lang='lat' dir='ltr'><strong>vel</strong></span> <span class='ocrx_word' id='word_1_58' title='bbox 923 937 964 1002; x_wconf 87' lang='lat' dir='ltr'><strong>de</strong></span> <span class='ocrx_word' id='word_1_59' title='bbox 985 938 1175 1002; x_wconf 84' lang='lat' dir='ltr'><strong>Innocentio</strong></span> <span class='ocrx_word' id='word_1_60' title='bbox 1203 939 1334 1025; x_wconf 87' lang='lat' dir='ltr'><strong>quisque</strong></span> 
     </span>
     <span class='ocr_line' id='line_1_8' title="bbox 220 1021 1333 1110; baseline 0 -24"><span class='ocrx_word' id='word_1_61' title='bbox 220 1023 358 1108; x_wconf 87' lang='lat' dir='ltr'><strong>diligens</strong></span> <span class='ocrx_word' id='word_1_62' title='bbox 379 1022 473 1089; x_wconf 83' lang='lat' dir='ltr'><strong>facile</strong></span> <span class='ocrx_word' id='word_1_63' title='bbox 493 1023 684 1110; x_wconf 89' lang='lat' dir='ltr'><strong>pervidebit.</strong></span> <span class='ocrx_word' id='word_1_64' title='bbox 729 1022 812 1088; x_wconf 83' lang='lat' dir='ltr'><strong>Cum</strong></span> <span class='ocrx_word' id='word_1_65' title='bbox 834 1033 919 1087; x_wconf 89' lang='lat' dir='ltr'><strong>certe</strong></span> <span class='ocrx_word' id='word_1_66' title='bbox 940 1021 1148 1086; x_wconf 87' lang='lat' dir='ltr'><strong>Innocentius</strong></span> <span class='ocrx_word' id='word_1_67' title='bbox 1170 1043 1260 1108; x_wconf 87' lang='lat' dir='ltr'><strong>papa</strong></span> <span class='ocrx_word' id='word_1_68' title='bbox 1285 1021 1333 1086; x_wconf 93' lang='lat' dir='ltr'><strong>ob-</strong></span> 
     </span>
     <span class='ocr_line' id='line_1_9' title="bbox 219 1105 1333 1191; baseline -0.002 -19"><span class='ocrx_word' id='word_1_69' title='bbox 219 1109 457 1172; x_wconf 86' lang='lat' dir='ltr'><strong>servantissime</strong></span> <span class='ocrx_word' id='word_1_70' title='bbox 472 1108 663 1173; x_wconf 89' lang='lat' dir='ltr'><strong>custodierit</strong></span> <span class='ocrx_word' id='word_1_71' title='bbox 683 1129 757 1172; x_wconf 94' lang='lat' dir='ltr'><strong>cum</strong></span> <span class='ocrx_word' id='word_1_72' title='bbox 773 1107 922 1171; x_wconf 90' lang='lat' dir='ltr'><strong>omnibus</strong></span> <span class='ocrx_word' id='word_1_73' title='bbox 945 1105 1064 1170; x_wconf 87' lang='lat' dir='ltr'><strong>sanctis</strong></span> <span class='ocrx_word' id='word_1_74' title='bbox 1079 1106 1229 1191; x_wconf 90' lang='lat' dir='ltr'><strong>patribus</strong></span> <span class='ocrx_word' id='word_1_75' title='bbox 1244 1128 1333 1171; x_wconf 83' lang='lat' dir='ltr'><strong>euan-</strong></span> 
     </span>
     <span class='ocr_line' id='line_1_10' title="bbox 218 1190 1334 1339; baseline -0.002 -83"><span class='ocrx_word' id='word_1_76' title='bbox 218 1191 355 1278; x_wconf 87' lang='lat' dir='ltr'><strong>gelicam</strong></span> <span class='ocrx_word' id='word_1_77' title='bbox 385 1191 467 1256; x_wconf 87' lang='lat' dir='ltr'><strong>hano</strong></span> <span class='ocrx_word' id='word_1_78' title='bbox 495 1192 640 1279; x_wconf 88' lang='lat' dir='ltr'><strong>regulam</strong></span> <span class='ocrx_word' id='word_1_79' title='bbox 662 1192 805 1274; x_wconf 89' lang='lat' dir='ltr'><strong>Domini,</strong></span> <span class='ocrx_word' id='word_1_80' title='bbox 832 1199 869 1255; x_wconf 93' lang='lat' dir='ltr'><strong>ut</strong></span> <span class='ocrx_word' id='word_1_81' title='bbox 893 1190 1064 1256; x_wconf 83' lang='lat' dir='ltr'><strong>redderent</strong></span> <span class='ocrx_word' id='word_1_82' title='bbox 1091 1213 1131 1255; x_wconf 89' lang='lat' dir='ltr'><strong>ea</strong></span> <span class='ocrx_word' id='word_1_83' title='bbox 1157 1212 1243 1339; x_wconf 69' lang='lat' dir='ltr'><strong>spise</strong></span> <span class='ocrx_word' id='word_1_84' title='bbox 1268 1201 1334 1255; x_wconf 89' lang='lat' dir='ltr'><strong>sunt</strong></span> 
     </span>
     <span class='ocr_line' id='line_1_11' title="bbox 219 1273 1332 1361; baseline -0.002 -21"><span class='ocrx_word' id='word_1_85' title='bbox 219 1278 358 1342; x_wconf 89' lang='lat' dir='ltr'><strong>caesaris</strong></span> <span class='ocrx_word' id='word_1_86' title='bbox 386 1278 518 1358; x_wconf 85' lang='lat' dir='ltr'><strong>caesari,</strong></span> <span class='ocrx_word' id='word_1_87' title='bbox 546 1299 620 1340; x_wconf 89' lang='lat' dir='ltr'><strong>oum</strong></span> <span class='ocrx_word' id='word_1_88' title='bbox 646 1278 707 1341; x_wconf 88' lang='lat' dir='ltr'><strong>rite</strong></span> <span class='ocrx_word' id='word_1_89' title='bbox 737 1298 801 1341; x_wconf 91' lang='lat' dir='ltr'><strong>non</strong></span> <span class='ocrx_word' id='word_1_90' title='bbox 828 1283 960 1361; x_wconf 87' lang='lat' dir='ltr'><strong>possent</strong></span> <span class='ocrx_word' id='word_1_91' title='bbox 984 1273 1076 1339; x_wconf 86' lang='lat' dir='ltr'><strong>aliter</strong></span> <span class='ocrx_word' id='word_1_92' title='bbox 1103 1274 1162 1339; x_wconf 88' lang='lat' dir='ltr'><strong>red</strong></span> <span class='ocrx_word' id='word_1_93' title='bbox 1188 1299 1243 1340; x_wconf 90' lang='lat' dir='ltr'><strong>ere</strong></span> <span class='ocrx_word' id='word_1_94' title='bbox 1268 1275 1332 1340; x_wconf 89' lang='lat' dir='ltr'><strong>Deo</strong></span> 
     </span>
    </p>

    <p class='ocr_par' dir='ltr' id='par_1_3' title="bbox 217 1358 1333 1929">
     <span class='ocr_line' id='line_1_12' title="bbox 241 1358 1333 1447; baseline -0.002 -23"><span class='ocrx_word' id='word_1_95' title='bbox 241 1382 301 1425; x_wconf 91' lang='lat' dir='ltr'><strong>uae</strong></span> <span class='ocrx_word' id='word_1_96' title='bbox 312 1370 386 1425; x_wconf 91' lang='lat' dir='ltr'><strong>sunt</strong></span> <span class='ocrx_word' id='word_1_97' title='bbox 401 1362 473 1443; x_wconf 91' lang='lat' dir='ltr'><strong>Dei,</strong></span> <span class='ocrx_word' id='word_1_98' title='bbox 488 1361 625 1447; x_wconf 88' lang='lat' dir='ltr'><strong>ideoque</strong></span> <span class='ocrx_word' id='word_1_99' title='bbox 640 1361 732 1424; x_wconf 84' lang='lat' dir='ltr'><strong>iuxta</strong></span> <span class='ocrx_word' id='word_1_100' title='bbox 745 1360 831 1447; x_wconf 90' lang='lat' dir='ltr'><strong>quod</strong></span> <span class='ocrx_word' id='word_1_101' title='bbox 843 1381 942 1446; x_wconf 89' lang='lat' dir='ltr'><strong>supra</strong></span> <span class='ocrx_word' id='word_1_102' title='bbox 955 1358 1076 1424; x_wconf 88' lang='lat' dir='ltr'><strong>dictum</strong></span> <span class='ocrx_word' id='word_1_103' title='bbox 1091 1370 1160 1424; x_wconf 83' lang='lat' dir='ltr'><strong>est¹</strong></span> <span class='ocrx_word' id='word_1_104' title='bbox 1177 1381 1220 1423; x_wconf 87' lang='lat' dir='ltr'><strong>ex</strong></span> <span class='ocrx_word' id='word_1_105' title='bbox 1232 1359 1333 1424; x_wconf 92' lang='lat' dir='ltr'><strong>verbis</strong></span> 
     </span>
     <span class='ocr_line' id='line_1_13' title="bbox 219 1383 1332 1544; baseline -0.001 -35"><span class='ocrx_word' id='word_1_106' title='bbox 219 1383 342 1509; x_wconf 67' lang='lat' dir='ltr'><strong>llelasii</strong></span> <span class='ocrx_word' id='word_1_107' title='bbox 362 1465 477 1544; x_wconf 89' lang='lat' dir='ltr'><strong>papae,</strong></span> <span class='ocrx_word' id='word_1_108' title='bbox 499 1445 645 1509; x_wconf 86' lang='lat' dir='ltr'><strong>ordinata</strong></span> <span class='ocrx_word' id='word_1_109' title='bbox 667 1455 714 1509; x_wconf 91' lang='lat' dir='ltr'><strong>est</strong></span> <span class='ocrx_word' id='word_1_110' title='bbox 739 1467 759 1508; x_wconf 91' lang='lat' dir='ltr'><strong>a</strong></span> <span class='ocrx_word' id='word_1_111' title='bbox 788 1444 860 1510; x_wconf 89' lang='lat' dir='ltr'><strong>Deo</strong></span> <span class='ocrx_word' id='word_1_112' title='bbox 890 1446 974 1508; x_wconf 90' lang='lat' dir='ltr'><strong>sicut</strong></span> <span class='ocrx_word' id='word_1_113' title='bbox 1000 1450 1126 1507; x_wconf 87' lang='lat' dir='ltr'><strong>sacrata</strong></span> <span class='ocrx_word' id='word_1_114' title='bbox 1147 1444 1332 1529; x_wconf 88' lang='lat' dir='ltr'><strong>pontificum</strong></span> 
     </span>
     <span class='ocr_line' id='line_1_14' title="bbox 218 1527 1332 1616; baseline -0.001 -24"><span class='ocrx_word' id='word_1_115' title='bbox 218 1529 391 1593; x_wconf 88' lang='lat' dir='ltr'><strong>auctoritas</strong></span> <span class='ocrx_word' id='word_1_116' title='bbox 412 1538 457 1592; x_wconf 88' lang='lat' dir='ltr'><strong>1ta</strong></span> <span class='ocrx_word' id='word_1_117' title='bbox 479 1538 510 1593; x_wconf 90' lang='lat' dir='ltr'><strong>et</strong></span> <span class='ocrx_word' id='word_1_118' title='bbox 523 1528 640 1616; x_wconf 88' lang='lat' dir='ltr'><strong>regalis</strong></span> <span class='ocrx_word' id='word_1_119' title='bbox 654 1539 805 1614; x_wconf 90' lang='lat' dir='ltr'><strong>potestas,</strong></span> <span class='ocrx_word' id='word_1_120' title='bbox 828 1536 863 1592; x_wconf 91' lang='lat' dir='ltr'><strong>ut</strong></span> <span class='ocrx_word' id='word_1_121' title='bbox 877 1528 1040 1593; x_wconf 86' lang='lat' dir='ltr'><strong>christiani</strong></span> <span class='ocrx_word' id='word_1_122' title='bbox 1053 1527 1266 1613; x_wconf 86' lang='lat' dir='ltr'><strong>imperatores</strong></span> <span class='ocrx_word' id='word_1_123' title='bbox 1280 1550 1332 1614; x_wconf 91' lang='lat' dir='ltr'><strong>pro</strong></span> 
     </span>
     <span class='ocr_line' id='line_1_15' title="bbox 218 1611 1332 1699; baseline 0 -23"><span class='ocrx_word' id='word_1_124' title='bbox 218 1622 348 1678; x_wconf 85' lang='lat' dir='ltr'><strong>aeterna</strong></span> <span class='ocrx_word' id='word_1_125' title='bbox 368 1614 435 1678; x_wconf 91' lang='lat' dir='ltr'><strong>vita</strong></span> <span class='ocrx_word' id='word_1_126' title='bbox 456 1613 637 1699; x_wconf 84' lang='lat' dir='ltr'><strong>indigerent</strong></span> <span class='ocrx_word' id='word_1_127' title='bbox 657 1612 863 1699; x_wconf 85' lang='lat' dir='ltr'><strong>pontificibus</strong></span> <span class='ocrx_word' id='word_1_128' title='bbox 889 1620 920 1676; x_wconf 90' lang='lat' dir='ltr'><strong>et</strong></span> <span class='ocrx_word' id='word_1_129' title='bbox 941 1611 1111 1698; x_wconf 90' lang='lat' dir='ltr'><strong>pontifices</strong></span> <span class='ocrx_word' id='word_1_130' title='bbox 1133 1633 1196 1698; x_wconf 93' lang='lat' dir='ltr'><strong>pro</strong></span> <span class='ocrx_word' id='word_1_131' title='bbox 1217 1623 1332 1699; x_wconf 90' lang='lat' dir='ltr'><strong>tempo-</strong></span> 
     </span>
     <span class='ocr_line' id='line_1_16' title="bbox 217 1695 1332 1781; baseline 0 -21"><span class='ocrx_word' id='word_1_132' title='bbox 217 1695 332 1760; x_wconf 87' lang='lat' dir='ltr'><strong>ralium</strong></span> <span class='ocrx_word' id='word_1_133' title='bbox 361 1718 457 1762; x_wconf 91' lang='lat' dir='ltr'><strong>cursu</strong></span> <span class='ocrx_word' id='word_1_134' title='bbox 483 1721 590 1762; x_wconf 88' lang='lat' dir='ltr'><strong>rerum</strong></span> <span class='ocrx_word' id='word_1_135' title='bbox 618 1699 660 1761; x_wconf 92' lang='lat' dir='ltr'><strong>im</strong></span> <span class='ocrx_word' id='word_1_136' title='bbox 688 1695 838 1762; x_wconf 91' lang='lat' dir='ltr'><strong>erialibus</strong></span> <span class='ocrx_word' id='word_1_137' title='bbox 866 1706 1031 1762; x_wconf 87' lang='lat' dir='ltr'><strong>uterentur</strong></span> <span class='ocrx_word' id='word_1_138' title='bbox 1062 1696 1332 1781; x_wconf 86' lang='lat' dir='ltr'><strong>dispositionibus.</strong></span> 
     </span>
     <span class='ocr_line' id='line_1_17' title="bbox 218 1720 1332 1929; baseline 0 -85"><span class='ocrx_word' id='word_1_139' title='bbox 218 1781 297 1847; x_wconf 90' lang='lat' dir='ltr'><strong>Post</strong></span> <span class='ocrx_word' id='word_1_140' title='bbox 317 1781 398 1846; x_wconf 86' lang='lat' dir='ltr'><strong>hace</strong></span> <span class='ocrx_word' id='word_1_141' title='bbox 412 1781 534 1858; x_wconf 84' lang='lat' dir='ltr'><strong>scribit,</strong></span> <span class='ocrx_word' id='word_1_142' title='bbox 557 1781 644 1870; x_wconf 89' lang='lat' dir='ltr'><strong>quod</strong></span> <span class='ocrx_word' id='word_1_143' title='bbox 660 1720 888 1847; x_wconf 62' lang='lat' dir='ltr'><strong>donsmntinus</strong></span> <span class='ocrx_word' id='word_1_144' title='bbox 902 1803 990 1929; x_wconf 71' lang='lat' dir='ltr'><strong>papa</strong></span> <span class='ocrx_word' id='word_1_145' title='bbox 1004 1778 1194 1866; x_wconf 88' lang='lat' dir='ltr'><strong>Philippum</strong></span> <span class='ocrx_word' id='word_1_146' title='bbox 1209 1782 1332 1846; x_wconf 91' lang='lat' dir='ltr'><strong>anathe-</strong></span> 
     </span>
    </p>
   </div>
   <div class='ocr_carea' id='block_1_3' title="bbox 126 1182 209 1293">
    <p class='ocr_par' dir='ltr' id='par_1_4' title="bbox 126 1182 209 1293">
     <span class='ocr_line' id='line_1_18' title="bbox 128 1182 209 1222; baseline 0 0"><span class='ocrx_word' id='word_1_147' title='bbox 128 1182 209 1222; x_wconf 80' lang='lat' dir='ltr'><strong>lllatth.</strong></span> 
     </span>
     <span class='ocr_line' id='line_1_19' title="bbox 126 1241 207 1293; baseline 0.049 -12"><span class='ocrx_word' id='word_1_148' title='bbox 126 1241 162 1293; x_wconf 74' lang='lat'><strong>22,</strong></span> <span class='ocrx_word' id='word_1_149' title='bbox 172 1243 207 1286; x_wconf 82' lang='lat' dir='ltr'><strong>ar.</strong></span> 
     </span>
    </p>
   </div>
   <div class='ocr_carea' id='block_1_4' title="bbox 216 1864 1332 2436">
    <p class='ocr_par' dir='ltr' id='par_1_5' title="bbox 216 1864 1332 2436">
     <span class='ocr_line' id='line_1_20' title="bbox 217 1864 1332 1966; baseline 0 -37"><span class='ocrx_word' id='word_1_150' title='bbox 217 1866 427 1949; x_wconf 83' lang='lat' dir='ltr'><strong>matizaverit,</strong></span> <span class='ocrx_word' id='word_1_151' title='bbox 451 1867 537 1966; x_wconf 85' lang='lat' dir='ltr'><strong>quod</strong></span> <span class='ocrx_word' id='word_1_152' title='bbox 550 1889 611 1932; x_wconf 91' lang='lat' dir='ltr'><strong>nec</strong></span> <span class='ocrx_word' id='word_1_153' title='bbox 633 1869 667 1930; x_wconf 92' lang='lat' dir='ltr'><strong>in</strong></span> <span class='ocrx_word' id='word_1_154' title='bbox 683 1865 791 1931; x_wconf 84' lang='lat' dir='ltr'><strong>Gestis</strong></span> <span class='ocrx_word' id='word_1_155' title='bbox 807 1866 902 1930; x_wconf 88' lang='lat' dir='ltr'><strong>Ponti</strong></span> <span class='ocrx_word' id='word_1_156' title='bbox 928 1864 1051 1930; x_wconf 87' lang='lat' dir='ltr'><strong>calibus</strong></span> <span class='ocrx_word' id='word_1_157' title='bbox 1073 1866 1183 1930; x_wconf 87' lang='lat' dir='ltr'><strong>necin</strong></span> <span class='ocrx_word' id='word_1_158' title='bbox 1198 1865 1332 1931; x_wconf 89' lang='lat' dir='ltr'><strong>historiis</strong></span> 
     </span>
     <span class='ocr_line' id='line_1_21' title="bbox 217 1949 1331 2047; baseline 0.002 -35"><span class='ocrx_word' id='word_1_159' title='bbox 217 1951 387 2033; x_wconf 89' lang='lat' dir='ltr'><strong>invenitur,</strong></span> <span class='ocrx_word' id='word_1_160' title='bbox 416 1951 473 2016; x_wconf 86' lang='lat' dir='ltr'><strong>ubr</strong></span> <span class='ocrx_word' id='word_1_161' title='bbox 500 1960 625 2016; x_wconf 80' lang='lat' dir='ltr'><strong>tantum</strong></span> <span class='ocrx_word' id='word_1_162' title='bbox 651 1951 797 2036; x_wconf 81' lang='lat' dir='ltr'><strong>legitur³,</strong></span> <span class='ocrx_word' id='word_1_163' title='bbox 827 1950 913 2036; x_wconf 93' lang='lat' dir='ltr'><strong>quod</strong></span> <span class='ocrx_word' id='word_1_164' title='bbox 934 1949 1127 2047; x_wconf 73' lang='lat' dir='ltr'><strong>Philippusb</strong></span> <span class='ocrx_word' id='word_1_165' title='bbox 1149 1951 1331 2035; x_wconf 84' lang='lat' dir='ltr'><strong>supradicto</strong></span> 
     </span>
     <span class='ocr_line' id='line_1_22' title="bbox 216 2032 1331 2183; baseline 0.003 -86"><span class='ocrx_word' id='word_1_166' title='bbox 216 2056 323 2183; x_wconf 74' lang='lat' dir='ltr'><strong>papae</strong></span> <span class='ocrx_word' id='word_1_167' title='bbox 343 2035 451 2100; x_wconf 90' lang='lat' dir='ltr'><strong>literas</strong></span> <span class='ocrx_word' id='word_1_168' title='bbox 473 2039 566 2122; x_wconf 89' lang='lat' dir='ltr'><strong>pravi</strong></span> <span class='ocrx_word' id='word_1_169' title='bbox 581 2035 742 2122; x_wconf 82' lang='lat' dir='ltr'><strong>dogmatis</strong></span> <span class='ocrx_word' id='word_1_170' title='bbox 758 2035 921 2117; x_wconf 88' lang='lat' dir='ltr'><strong>direxerit,</strong></span> <span class='ocrx_word' id='word_1_171' title='bbox 945 2057 1024 2162; x_wconf 55' lang='lat' dir='ltr'><strong>(pnes</strong></span> <span class='ocrx_word' id='word_1_172' title='bbox 1045 2032 1097 2098; x_wconf 85' lang='lat' dir='ltr'><strong>rlle</strong></span> <span class='ocrx_word' id='word_1_173' title='bbox 1119 2055 1196 2097; x_wconf 89' lang='lat' dir='ltr'><strong>cum</strong></span> <span class='ocrx_word' id='word_1_174' title='bbox 1212 2043 1331 2122; x_wconf 89' lang='lat' dir='ltr'><strong>aposto·</strong></span> 
     </span>
     <span class='ocr_line' id='line_1_23' title="bbox 229 2117 1332 2205; baseline -0.001 -22"><span class='ocrx_word' id='word_1_175' title='bbox 229 2121 298 2184; x_wconf 87' lang='lat' dir='ltr'><strong>’eae</strong></span> <span class='ocrx_word' id='word_1_176' title='bbox 323 2119 409 2184; x_wconf 90' lang='lat' dir='ltr'><strong>sedis</strong></span> <span class='ocrx_word' id='word_1_177' title='bbox 436 2120 572 2184; x_wconf 89' lang='lat' dir='ltr'><strong>concilio</strong></span> <span class='ocrx_word' id='word_1_178' title='bbox 604 2120 736 2205; x_wconf 88' lang='lat' dir='ltr'><strong>respuit.</strong></span> <span class='ocrx_word' id='word_1_179' title='bbox 780 2117 948 2204; x_wconf 87' lang='lat' dir='ltr'><strong>Philippus</strong></span> <span class='ocrx_word' id='word_1_180' title='bbox 991 2119 1111 2205; x_wconf 89' lang='lat' dir='ltr'><strong>quippe</strong></span> <span class='ocrx_word' id='word_1_181' title='bbox 1139 2129 1270 2204; x_wconf 87' lang='lat' dir='ltr'><strong>praeter</strong></span> <span class='ocrx_word' id='word_1_182' title='bbox 1294 2119 1332 2201; x_wconf 92' lang='lat' dir='ltr'><strong>id,</strong></span> 
     </span>
     <span class='ocr_line' id='line_1_24' title="bbox 217 2203 1331 2290; baseline 0.002 -23"><span class='ocrx_word' id='word_1_183' title='bbox 217 2205 303 2290; x_wconf 92' lang='lat' dir='ltr'><strong>quod</strong></span> <span class='ocrx_word' id='word_1_184' title='bbox 330 2213 441 2268; x_wconf 88' lang='lat' dir='ltr'><strong>contra</strong></span> <span class='ocrx_word' id='word_1_185' title='bbox 461 2206 675 2269; x_wconf 80' lang='lat' dir='ltr'><strong>lastinianum</strong></span> <span class='ocrx_word' id='word_1_186' title='bbox 703 2205 930 2289; x_wconf 90' lang='lat' dir='ltr'><strong>imperatorem</strong></span> <span class='ocrx_word' id='word_1_187' title='bbox 956 2223 1092 2289; x_wconf 85' lang='lat' dir='ltr'><strong>regnum</strong></span> <span class='ocrx_word' id='word_1_188' title='bbox 1119 2203 1259 2288; x_wconf 88' lang='lat' dir='ltr'><strong>adeptus</strong></span> <span class='ocrx_word' id='word_1_189' title='bbox 1280 2214 1331 2284; x_wconf 85' lang='lat' dir='ltr'><strong>est,</strong></span> 
     </span>
     <span class='ocr_line' id='line_1_25' title="bbox 216 2285 1331 2436; baseline 0.001 -84"><span class='ocrx_word' id='word_1_190' title='bbox 216 2287 377 2353; x_wconf 87' lang='lat' dir='ltr'><strong>hereticus</strong></span> <span class='ocrx_word' id='word_1_191' title='bbox 406 2310 476 2353; x_wconf 88' lang='lat' dir='ltr'><strong>esse</strong></span> <span class='ocrx_word' id='word_1_192' title='bbox 501 2289 659 2436; x_wconf 81' lang='lat' dir='ltr'><strong>probatus</strong></span> <span class='ocrx_word' id='word_1_193' title='bbox 681 2296 745 2370; x_wconf 83' lang='lat' dir='ltr'><strong>est3</strong></span> <span class='ocrx_word' id='word_1_194' title='bbox 768 2285 872 2373; x_wconf 91' lang='lat' dir='ltr'><strong>qualis</strong></span> <span class='ocrx_word' id='word_1_195' title='bbox 893 2288 957 2351; x_wconf 90' lang='lat' dir='ltr'><strong>iam</strong></span> <span class='ocrx_word' id='word_1_196' title='bbox 980 2286 1140 2352; x_wconf 86' lang='lat' dir='ltr'><strong>iudicatus</strong></span> <span class='ocrx_word' id='word_1_197' title='bbox 1163 2297 1223 2371; x_wconf 89' lang='lat' dir='ltr'><strong>est,</strong></span> <span class='ocrx_word' id='word_1_198' title='bbox 1246 2290 1331 2353; x_wconf 86' lang='lat' dir='ltr'><strong>iuxta</strong></span> 
     </span>
    </p>
   </div>
   <div class='ocr_carea' id='block_1_5' title="bbox 218 2371 1332 2602">
    <p class='ocr_par' dir='ltr' id='par_1_6' title="bbox 218 2371 1332 2602">
     <span class='ocr_line' id='line_1_26' title="bbox 218 2371 1332 2458; baseline 0.004 -23"><span class='ocrx_word' id='word_1_199' title='bbox 218 2371 305 2457; x_wconf 93' lang='lat' dir='ltr'><strong>quod</strong></span> <span class='ocrx_word' id='word_1_200' title='bbox 331 2373 428 2436; x_wconf 88' lang='lat' dir='ltr'><strong>etiam</strong></span> <span class='ocrx_word' id='word_1_201' title='bbox 450 2371 599 2437; x_wconf 71' lang='lat' dir='ltr'><strong>(lessius</strong></span> <span class='ocrx_word' id='word_1_202' title='bbox 625 2394 711 2458; x_wconf 89' lang='lat' dir='ltr'><strong>papa</strong></span> <span class='ocrx_word' id='word_1_203' title='bbox 738 2372 865 2436; x_wconf 89' lang='lat' dir='ltr'><strong>scribit:</strong></span> <span class='ocrx_word' id='word_1_204' title='bbox 898 2385 999 2451; x_wconf 65' lang='lat' dir='ltr'><strong>Norat,</strong></span> <span class='ocrx_word' id='word_1_205' title='bbox 1019 2372 1168 2456; x_wconf 89' lang='lat' dir='ltr'><strong>inquiens</strong></span> <span class='ocrx_word' id='word_1_206' title='bbox 1178 2381 1203 2453; x_wconf 83' lang='lat'><strong>⁴,</strong></span> <span class='ocrx_word' id='word_1_207' title='bbox 1224 2388 1332 2439; x_wconf 76' lang='lat' dir='ltr'><strong>maiora</strong></span> 
     </span>
     <span class='ocr_line' id='line_1_27' title="bbox 218 2460 1330 2528; baseline 0 -16"><span class='ocrx_word' id='word_1_208' title='bbox 218 2469 325 2513; x_wconf 82' lang='lat' dir='ltr'><strong>auctore</strong></span> <span class='ocrx_word' id='word_1_209' title='bbox 344 2460 481 2514; x_wconf 78' lang='lat' dir='ltr'><strong>cuiuslibet</strong></span> <span class='ocrx_word' id='word_1_210' title='bbox 493 2463 617 2514; x_wconf 79' lang='lat' dir='ltr'><strong>insaniae</strong></span> <span class='ocrx_word' id='word_1_211' title='bbox 636 2461 783 2528; x_wconf 78' lang='lat' dir='ltr'><strong>asperiter</strong></span> <span class='ocrx_word' id='word_1_212' title='bbox 794 2479 882 2514; x_wconf 73' lang='lat' dir='ltr'><strong>errore</strong></span> <span class='ocrx_word' id='word_1_213' title='bbox 895 2461 1023 2512; x_wconf 82' lang='lat' dir='ltr'><strong>damnato</strong></span> <span class='ocrx_word' id='word_1_214' title='bbox 1036 2462 1156 2527; x_wconf 79' lang='lat' dir='ltr'><strong>sufficere</strong></span> <span class='ocrx_word' id='word_1_215' title='bbox 1168 2460 1330 2524; x_wconf 75' lang='lat' dir='ltr'><strong>iudicarunt,</strong></span> 
     </span>
     <span class='ocr_line' id='line_1_28' title="bbox 218 2534 1331 2602; baseline 0 -16"><span class='ocrx_word' id='word_1_216' title='bbox 218 2543 248 2586; x_wconf 82' lang='lat' dir='ltr'><strong>stt</strong></span> <span class='ocrx_word' id='word_1_217' title='bbox 273 2534 411 2600; x_wconf 72' lang='lat' dir='ltr'><strong>quisquise</strong></span> <span class='ocrx_word' id='word_1_218' title='bbox 431 2534 577 2601; x_wconf 76' lang='lat' dir='ltr'><strong>aliquando</strong></span> <span class='ocrx_word' id='word_1_219' title='bbox 596 2535 676 2587; x_wconf 79' lang='lat' dir='ltr'><strong>baius</strong></span> <span class='ocrx_word' id='word_1_220' title='bbox 701 2536 798 2587; x_wconf 64' lang='lat' dir='ltr'><strong>enoris</strong></span> <span class='ocrx_word' id='word_1_221' title='bbox 817 2535 1022 2587; x_wconf 81' lang='lat' dir='ltr'><strong>communicator</strong></span> <span class='ocrx_word' id='word_1_222' title='bbox 1041 2536 1171 2598; x_wconf 75' lang='lat' dir='ltr'><strong>emitteret,</strong></span> <span class='ocrx_word' id='word_1_223' title='bbox 1185 2534 1331 2602; x_wconf 74' lang='lat' dir='ltr'><strong>principali</strong></span> 
     </span>
    </p>
   </div>
   <div class='ocr_carea' id='block_1_6' title="bbox 217 2601 1332 4038">
    <p class='ocr_par' dir='ltr' id='par_1_7' title="bbox 217 2601 1332 4038">
     <span class='ocr_line' id='line_1_29' title="bbox 218 2601 1331 2669; baseline -0.002 -1"><span class='ocrx_word' id='word_1_224' title='bbox 218 2618 348 2669; x_wconf 77' lang='lat' dir='ltr'><strong>sententia</strong></span> <span class='ocrx_word' id='word_1_225' title='bbox 372 2617 553 2669; x_wconf 79' lang='lat' dir='ltr'><strong>damnationis</strong></span> <span class='ocrx_word' id='word_1_226' title='bbox 581 2618 637 2669; x_wconf 80' lang='lat' dir='ltr'><strong>eius</strong></span> <span class='ocrx_word' id='word_1_227' title='bbox 665 2625 731 2669; x_wconf 86' lang='lat' dir='ltr'><strong>esset</strong></span> <span class='ocrx_word' id='word_1_228' title='bbox 758 2617 904 2669; x_wconf 74' lang='lat' dir='ltr'><strong>obstrictus.</strong></span> <span class='ocrx_word' id='word_1_229' title='bbox 951 2601 1030 2666; x_wconf 79' lang='lat' dir='ltr'><strong>Post</strong></span> <span class='ocrx_word' id='word_1_230' title='bbox 1054 2602 1133 2666; x_wconf 82' lang='lat' dir='ltr'><strong>haec</strong></span> <span class='ocrx_word' id='word_1_231' title='bbox 1162 2603 1331 2668; x_wconf 78' lang='lat' dir='ltr'><strong>introducit</strong></span> 
     </span>
     <span class='ocr_line' id='line_1_30' title="bbox 218 2683 1330 2773; baseline 0.002 -25"><span class='ocrx_word' id='word_1_232' title='bbox 218 2683 383 2749; x_wconf 89' lang='lat' dir='ltr'><strong>historiam</strong></span> <span class='ocrx_word' id='word_1_233' title='bbox 405 2685 446 2750; x_wconf 91' lang='lat' dir='ltr'><strong>de</strong></span> <span class='ocrx_word' id='word_1_234' title='bbox 474 2707 551 2770; x_wconf 86' lang='lat' dir='ltr'><strong>rege</strong></span> <span class='ocrx_word' id='word_1_235' title='bbox 573 2684 782 2771; x_wconf 86' lang='lat' dir='ltr'><strong>Hylderieho,</strong></span> <span class='ocrx_word' id='word_1_236' title='bbox 809 2684 851 2748; x_wconf 88' lang='lat' dir='ltr'><strong>dc</strong></span> <span class='ocrx_word' id='word_1_237' title='bbox 880 2706 943 2773; x_wconf 90' lang='lat' dir='ltr'><strong>quo</strong></span> <span class='ocrx_word' id='word_1_238' title='bbox 969 2687 1046 2750; x_wconf 87' lang='lat' dir='ltr'><strong>satis</strong></span> <span class='ocrx_word' id='word_1_239' title='bbox 1076 2687 1200 2751; x_wconf 90' lang='lat' dir='ltr'><strong>dietum</strong></span> <span class='ocrx_word' id='word_1_240' title='bbox 1230 2699 1279 2754; x_wconf 91' lang='lat' dir='ltr'><strong>est</strong></span> <span class='ocrx_word' id='word_1_241' title='bbox 1301 2689 1330 2751; x_wconf 93' lang='lat' dir='ltr'><strong>in</strong></span> 
     </span>
     <span class='ocr_line' id='line_1_31' title="bbox 219 2769 1330 2858; baseline 0.004 -25"><span class='ocrx_word' id='word_1_242' title='bbox 219 2789 257 2833; x_wconf 89' lang='lat' dir='ltr'><strong>su</strong></span> <span class='ocrx_word' id='word_1_243' title='bbox 282 2770 377 2833; x_wconf 88' lang='lat' dir='ltr'><strong>eriori</strong></span> <span class='ocrx_word' id='word_1_244' title='bbox 405 2769 487 2834; x_wconf 93' lang='lat' dir='ltr'><strong>libro</strong></span> <span class='ocrx_word' id='word_1_245' title='bbox 496 2781 518 2852; x_wconf 81' lang='lat'><strong>⁵,</strong></span> <span class='ocrx_word' id='word_1_246' title='bbox 545 2769 632 2855; x_wconf 88' lang='lat' dir='ltr'><strong>apud</strong></span> <span class='ocrx_word' id='word_1_247' title='bbox 661 2791 757 2855; x_wconf 92' lang='lat' dir='ltr'><strong>quem</strong></span> <span class='ocrx_word' id='word_1_248' title='bbox 784 2791 844 2834; x_wconf 87' lang='lat' dir='ltr'><strong>nec</strong></span> <span class='ocrx_word' id='word_1_249' title='bbox 871 2771 961 2854; x_wconf 82' lang='lat' dir='ltr'><strong>regia</strong></span> <span class='ocrx_word' id='word_1_250' title='bbox 988 2779 1131 2854; x_wconf 90' lang='lat' dir='ltr'><strong>potestas</strong></span> <span class='ocrx_word' id='word_1_251' title='bbox 1153 2793 1215 2835; x_wconf 90' lang='lat' dir='ltr'><strong>nee</strong></span> <span class='ocrx_word' id='word_1_252' title='bbox 1237 2773 1330 2858; x_wconf 88' lang='lat' dir='ltr'><strong>impe·</strong></span> 
     </span>
     <span class='ocr_line' id='line_1_32' title="bbox 218 2790 1330 2943; baseline 0.002 -25"><span class='ocrx_word' id='word_1_253' title='bbox 218 2790 306 2918; x_wconf 75' lang='lat' dir='ltr'><strong>riulis</strong></span> <span class='ocrx_word' id='word_1_254' title='bbox 321 2856 493 2919; x_wconf 87' lang='lat' dir='ltr'><strong>auctoritas</strong></span> <span class='ocrx_word' id='word_1_255' title='bbox 508 2877 578 2920; x_wconf 88' lang='lat' dir='ltr'><strong>esse</strong></span> <span class='ocrx_word' id='word_1_256' title='bbox 593 2854 758 2938; x_wconf 89' lang='lat' dir='ltr'><strong>probatur,</strong></span> <span class='ocrx_word' id='word_1_257' title='bbox 780 2853 917 2940; x_wconf 88' lang='lat' dir='ltr'><strong>ideoque</strong></span> <span class='ocrx_word' id='word_1_258' title='bbox 931 2853 1026 2919; x_wconf 89' lang='lat' dir='ltr'><strong>huius</strong></span> <span class='ocrx_word' id='word_1_259' title='bbox 1046 2855 1188 2943; x_wconf 88' lang='lat' dir='ltr'><strong>exempli</strong></span> <span class='ocrx_word' id='word_1_260' title='bbox 1211 2868 1330 2921; x_wconf 83' lang='lat' dir='ltr'><strong>contro-</strong></span> 
     </span>
     <span class='ocr_line' id='line_1_33' title="bbox 218 2936 1330 3024; baseline 0.002 -22"><span class='ocrx_word' id='word_1_261' title='bbox 218 2939 325 3002; x_wconf 90' lang='lat' dir='ltr'><strong>versia</strong></span> <span class='ocrx_word' id='word_1_262' title='bbox 353 2961 374 3002; x_wconf 93' lang='lat' dir='ltr'><strong>a</strong></span> <span class='ocrx_word' id='word_1_263' title='bbox 399 2938 492 3003; x_wconf 92' lang='lat' dir='ltr'><strong>nobis</strong></span> <span class='ocrx_word' id='word_1_264' title='bbox 519 2961 553 3003; x_wconf 92' lang='lat' dir='ltr'><strong>re</strong></span> <span class='ocrx_word' id='word_1_265' title='bbox 577 2939 718 3006; x_wconf 89' lang='lat' dir='ltr'><strong>robatur.</strong></span> <span class='ocrx_word' id='word_1_266' title='bbox 762 2936 915 3024; x_wconf 84' lang='lat' dir='ltr'><strong>Sequitur</strong></span> <span class='ocrx_word' id='word_1_267' title='bbox 941 2947 1059 3022; x_wconf 90' lang='lat' dir='ltr'><strong>autem,</strong></span> <span class='ocrx_word' id='word_1_268' title='bbox 1104 2940 1169 3005; x_wconf 90' lang='lat' dir='ltr'><strong>uod</strong></span> <span class='ocrx_word' id='word_1_269' title='bbox 1191 2940 1330 3006; x_wconf 85' lang='lat' dir='ltr'><strong>Adriano</strong></span> 
     </span>
     <span class='ocr_line' id='line_1_34' title="bbox 219 2961 1332 3109; baseline 0.004 -23"><span class='ocrx_word' id='word_1_270' title='bbox 219 3044 305 3109; x_wconf 89' lang='lat' dir='ltr'><strong>papa</strong></span> <span class='ocrx_word' id='word_1_271' title='bbox 325 3021 454 3096; x_wconf 86' lang='lat' dir='ltr'><strong>iubente</strong></span> <span class='ocrx_word' id='word_1_272' title='bbox 469 2961 602 3090; x_wconf 77' lang='lat' dir='ltr'><strong>Oarolhs</strong></span> <span class='ocrx_word' id='word_1_273' title='bbox 616 3022 832 3108; x_wconf 89' lang='lat' dir='ltr'><strong>Desyderium</strong></span> <span class='ocrx_word' id='word_1_274' title='bbox 852 3044 962 3107; x_wconf 86' lang='lat' dir='ltr'><strong>regem</strong></span> <span class='ocrx_word' id='word_1_275' title='bbox 984 3045 1056 3087; x_wconf 87' lang='lat' dir='ltr'><strong>oum</strong></span> <span class='ocrx_word' id='word_1_276' title='bbox 1070 2962 1137 3089; x_wconf 81' lang='lat' dir='ltr'><strong>illio</strong></span> <span class='ocrx_word' id='word_1_277' title='bbox 1156 3025 1226 3089; x_wconf 88' lang='lat' dir='ltr'><strong>eius</strong></span> <span class='ocrx_word' id='word_1_278' title='bbox 1241 3023 1332 3090; x_wconf 89' lang='lat' dir='ltr'><strong>Adal-</strong></span> 
     </span>
     <span class='ocr_line' id='line_1_35' title="bbox 219 3105 1331 3194; baseline 0.001 -23"><span class='ocrx_word' id='word_1_279' title='bbox 219 3109 290 3192; x_wconf 84' lang='lat' dir='ltr'><strong>giso</strong></span> <span class='ocrx_word' id='word_1_280' title='bbox 311 3107 424 3174; x_wconf 89' lang='lat' dir='ltr'><strong>Italiae</strong></span> <span class='ocrx_word' id='word_1_281' title='bbox 452 3130 552 3194; x_wconf 83' lang='lat' dir='ltr'><strong>regno</strong></span> <span class='ocrx_word' id='word_1_282' title='bbox 581 3108 758 3193; x_wconf 89' lang='lat' dir='ltr'><strong>privaverit</strong></span> <span class='ocrx_word' id='word_1_283' title='bbox 787 3117 818 3171; x_wconf 93' lang='lat' dir='ltr'><strong>et</strong></span> <span class='ocrx_word' id='word_1_284' title='bbox 844 3106 930 3171; x_wconf 88' lang='lat' dir='ltr'><strong>solus</strong></span> <span class='ocrx_word' id='word_1_285' title='bbox 951 3105 1077 3172; x_wconf 89' lang='lat' dir='ltr'><strong>Italiam</strong></span> <span class='ocrx_word' id='word_1_286' title='bbox 1099 3130 1176 3172; x_wconf 89' lang='lat' dir='ltr'><strong>oum</strong></span> <span class='ocrx_word' id='word_1_287' title='bbox 1197 3110 1331 3175; x_wconf 55' lang='lat' dir='ltr'><strong>&amp;ancia</strong></span> 
     </span>
     <span class='ocr_line' id='line_1_36' title="bbox 219 3191 1332 3290; baseline 0.001 -33"><span class='ocrx_word' id='word_1_288' title='bbox 219 3193 401 3278; x_wconf 88' lang='lat' dir='ltr'><strong>optinuerit.</strong></span> <span class='ocrx_word' id='word_1_289' title='bbox 438 3191 532 3258; x_wconf 77' lang='lat' dir='ltr'><strong>Certe</strong></span> <span class='ocrx_word' id='word_1_290' title='bbox 553 3193 644 3257; x_wconf 90' lang='lat' dir='ltr'><strong>Deus</strong></span> <span class='ocrx_word' id='word_1_291' title='bbox 665 3192 882 3256; x_wconf 88' lang='lat' dir='ltr'><strong>Romanorum</strong></span> <span class='ocrx_word' id='word_1_292' title='bbox 902 3192 1110 3290; x_wconf 88' lang='lat' dir='ltr'><strong>praeparavit</strong></span> <span class='ocrx_word' id='word_1_293' title='bbox 1129 3215 1278 3278; x_wconf 85' lang='lat' dir='ltr'><strong>regnum,</strong></span> <span class='ocrx_word' id='word_1_294' title='bbox 1298 3203 1332 3258; x_wconf 89' lang='lat' dir='ltr'><strong>ut</strong></span> 
     </span>
     <span class='ocr_line' id='line_1_37' title="bbox 218 3275 1331 3375; baseline 0.001 -35"><span class='ocrx_word' id='word_1_295' title='bbox 218 3276 264 3342; x_wconf 94' lang='lat' dir='ltr'><strong>ibi</strong></span> <span class='ocrx_word' id='word_1_296' title='bbox 286 3286 318 3341; x_wconf 90' lang='lat' dir='ltr'><strong>et</strong></span> <span class='ocrx_word' id='word_1_297' title='bbox 339 3276 475 3342; x_wconf 87' lang='lat' dir='ltr'><strong>ecclesia</strong></span> <span class='ocrx_word' id='word_1_298' title='bbox 496 3287 528 3342; x_wconf 89' lang='lat' dir='ltr'><strong>et</strong></span> <span class='ocrx_word' id='word_1_299' title='bbox 548 3276 720 3360; x_wconf 90' lang='lat' dir='ltr'><strong>imperium</strong></span> <span class='ocrx_word' id='word_1_300' title='bbox 742 3275 873 3340; x_wconf 85' lang='lat' dir='ltr'><strong>haberet</strong></span> <span class='ocrx_word' id='word_1_301' title='bbox 893 3277 1127 3375; x_wconf 81' lang='lat' dir='ltr'><strong>principatum3</strong></span> <span class='ocrx_word' id='word_1_302' title='bbox 1154 3276 1232 3343; x_wconf 88' lang='lat' dir='ltr'><strong>huie</strong></span> <span class='ocrx_word' id='word_1_303' title='bbox 1255 3278 1331 3343; x_wconf 92' lang='lat' dir='ltr'><strong>divi-</strong></span> 
     </span>
     <span class='ocr_line' id='line_1_38' title="bbox 217 3359 1331 3448; baseline -0.001 -23"><span class='ocrx_word' id='word_1_304' title='bbox 217 3383 279 3427; x_wconf 91' lang='lat' dir='ltr'><strong>nae</strong></span> <span class='ocrx_word' id='word_1_305' title='bbox 306 3361 499 3426; x_wconf 90' lang='lat' dir='ltr'><strong>ordinationi</strong></span> <span class='ocrx_word' id='word_1_306' title='bbox 520 3360 576 3447; x_wconf 89' lang='lat' dir='ltr'><strong>qui</strong></span> <span class='ocrx_word' id='word_1_307' title='bbox 603 3360 731 3438; x_wconf 89' lang='lat' dir='ltr'><strong>resistit,</strong></span> <span class='ocrx_word' id='word_1_308' title='bbox 752 3359 824 3424; x_wconf 90' lang='lat' dir='ltr'><strong>Deo</strong></span> <span class='ocrx_word' id='word_1_309' title='bbox 844 3360 977 3425; x_wconf 85' lang='lat' dir='ltr'><strong>resrstit.</strong></span> <span class='ocrx_word' id='word_1_310' title='bbox 1019 3360 1108 3445; x_wconf 83' lang='lat' dir='ltr'><strong>Ergo</strong></span> <span class='ocrx_word' id='word_1_311' title='bbox 1130 3360 1331 3448; x_wconf 85' lang='lat' dir='ltr'><strong>Desyderius</strong></span> 
     </span>
     <span class='ocr_line' id='line_1_39' title="bbox 219 3442 1331 3530; baseline 0.001 -19"><span class='ocrx_word' id='word_1_312' title='bbox 219 3455 331 3511; x_wconf 89' lang='lat' dir='ltr'><strong>contra</strong></span> <span class='ocrx_word' id='word_1_313' title='bbox 356 3446 535 3510; x_wconf 88' lang='lat' dir='ltr'><strong>Romanam</strong></span> <span class='ocrx_word' id='word_1_314' title='bbox 562 3442 815 3530; x_wconf 88' lang='lat' dir='ltr'><strong>rempublicam</strong></span> <span class='ocrx_word' id='word_1_315' title='bbox 842 3443 937 3508; x_wconf 90' lang='lat' dir='ltr'><strong>simul</strong></span> <span class='ocrx_word' id='word_1_316' title='bbox 964 3453 996 3509; x_wconf 88' lang='lat' dir='ltr'><strong>et</strong></span> <span class='ocrx_word' id='word_1_317' title='bbox 1022 3455 1134 3510; x_wconf 86' lang='lat' dir='ltr'><strong>eontra</strong></span> <span class='ocrx_word' id='word_1_318' title='bbox 1155 3446 1331 3512; x_wconf 86' lang='lat' dir='ltr'><strong>Romanam</strong></span> 
     </span>
     <span class='ocr_line' id='line_1_40' title="bbox 219 3526 1332 3618; baseline -0.003 -22"><span class='ocrx_word' id='word_1_319' title='bbox 219 3529 388 3596; x_wconf 85' lang='lat' dir='ltr'><strong>eeclesiam</strong></span> <span class='ocrx_word' id='word_1_320' title='bbox 416 3527 585 3613; x_wconf 84' lang='lat' dir='ltr'><strong>pugnavit,</strong></span> <span class='ocrx_word' id='word_1_321' title='bbox 612 3526 752 3615; x_wconf 88' lang='lat' dir='ltr'><strong>ideoque</strong></span> <span class='ocrx_word' id='word_1_322' title='bbox 777 3550 837 3592; x_wconf 87' lang='lat' dir='ltr'><strong>rex</strong></span> <span class='ocrx_word' id='word_1_323' title='bbox 864 3529 934 3615; x_wconf 88' lang='lat' dir='ltr'><strong>ipse</strong></span> <span class='ocrx_word' id='word_1_324' title='bbox 958 3528 1251 3614; x_wconf 85' lang='lat' dir='ltr'><strong>Longobardorum</strong></span> <span class='ocrx_word' id='word_1_325' title='bbox 1279 3553 1332 3618; x_wconf 88' lang='lat' dir='ltr'><strong>per</strong></span> 
     </span>
     <span class='ocr_line' id='line_1_41' title="bbox 218 3611 1332 3700; baseline 0.003 -21"><span class='ocrx_word' id='word_1_326' title='bbox 218 3612 422 3700; x_wconf 87' lang='lat' dir='ltr'><strong>tyrannidem</strong></span> <span class='ocrx_word' id='word_1_327' title='bbox 444 3622 556 3677; x_wconf 79' lang='lat' dir='ltr'><strong>eontra</strong></span> <span class='ocrx_word' id='word_1_328' title='bbox 576 3611 684 3677; x_wconf 90' lang='lat' dir='ltr'><strong>Deum</strong></span> <span class='ocrx_word' id='word_1_329' title='bbox 706 3613 854 3677; x_wconf 85' lang='lat' dir='ltr'><strong>surrexit.</strong></span> <span class='ocrx_word' id='word_1_330' title='bbox 897 3613 1003 3678; x_wconf 93' lang='lat' dir='ltr'><strong>Huius</strong></span> <span class='ocrx_word' id='word_1_331' title='bbox 1028 3615 1075 3678; x_wconf 90' lang='lat' dir='ltr'><strong>rei</strong></span> <span class='ocrx_word' id='word_1_332' title='bbox 1096 3615 1203 3699; x_wconf 86' lang='lat' dir='ltr'><strong>gratia</strong></span> <span class='ocrx_word' id='word_1_333' title='bbox 1223 3615 1332 3682; x_wconf 81' lang='lat' dir='ltr'><strong>Adria·</strong></span> 
     </span>
     <span class='ocr_line' id='line_1_42' title="bbox 219 3695 1331 3783; baseline 0.001 -21"><span class='ocrx_word' id='word_1_334' title='bbox 219 3721 280 3762; x_wconf 89' lang='lat' dir='ltr'><strong>nus</strong></span> <span class='ocrx_word' id='word_1_335' title='bbox 301 3719 387 3783; x_wconf 88' lang='lat' dir='ltr'><strong>papa</strong></span> <span class='ocrx_word' id='word_1_336' title='bbox 400 3698 531 3763; x_wconf 89' lang='lat' dir='ltr'><strong>vocavit</strong></span> <span class='ocrx_word' id='word_1_337' title='bbox 544 3695 695 3762; x_wconf 82' lang='lat' dir='ltr'><strong>Oarolum</strong></span> <span class='ocrx_word' id='word_1_338' title='bbox 716 3697 751 3760; x_wconf 92' lang='lat' dir='ltr'><strong>in</strong></span> <span class='ocrx_word' id='word_1_339' title='bbox 771 3695 927 3761; x_wconf 85' lang='lat' dir='ltr'><strong>auxilium</strong></span> <span class='ocrx_word' id='word_1_340' title='bbox 949 3707 982 3762; x_wconf 90' lang='lat' dir='ltr'><strong>et</strong></span> <span class='ocrx_word' id='word_1_341' title='bbox 1002 3697 1220 3764; x_wconf 85' lang='lat' dir='ltr'><strong>defensionem</strong></span> <span class='ocrx_word' id='word_1_342' title='bbox 1237 3698 1331 3765; x_wconf 79' lang='lat' dir='ltr'><strong>eccle</strong></span> 
     </span>
     <span class='ocr_line' id='line_1_43' title="bbox 220 3780 1330 3869; baseline 0.003 -23"><span class='ocrx_word' id='word_1_343' title='bbox 220 3782 287 3847; x_wconf 86' lang='lat' dir='ltr'><strong>siae</strong></span> <span class='ocrx_word' id='word_1_344' title='bbox 315 3782 436 3868; x_wconf 90' lang='lat' dir='ltr'><strong>pariter</strong></span> <span class='ocrx_word' id='word_1_345' title='bbox 464 3791 496 3846; x_wconf 92' lang='lat' dir='ltr'><strong>et</strong></span> <span class='ocrx_word' id='word_1_346' title='bbox 523 3781 570 3846; x_wconf 91' lang='lat' dir='ltr'><strong>rei</strong></span> <span class='ocrx_word' id='word_1_347' title='bbox 590 3780 749 3867; x_wconf 87' lang='lat' dir='ltr'><strong>publicae,</strong></span> <span class='ocrx_word' id='word_1_348' title='bbox 776 3802 850 3844; x_wconf 92' lang='lat' dir='ltr'><strong>cum</strong></span> <span class='ocrx_word' id='word_1_349' title='bbox 871 3792 964 3867; x_wconf 91' lang='lat' dir='ltr'><strong>pater</strong></span> <span class='ocrx_word' id='word_1_350' title='bbox 985 3804 1113 3869; x_wconf 88' lang='lat' dir='ltr'><strong>quoque</strong></span> <span class='ocrx_word' id='word_1_351' title='bbox 1135 3783 1240 3868; x_wconf 89' lang='lat' dir='ltr'><strong>ipsius</strong></span> <span class='ocrx_word' id='word_1_352' title='bbox 1262 3785 1330 3868; x_wconf 87' lang='lat' dir='ltr'><strong>Pip-</strong></span> 
     </span>
     <span class='ocr_line' id='line_1_44' title="bbox 219 3865 1331 3953; baseline 0 -23"><span class='ocrx_word' id='word_1_353' title='bbox 219 3867 315 3953; x_wconf 90' lang='lat' dir='ltr'><strong>pinus</strong></span> <span class='ocrx_word' id='word_1_354' title='bbox 336 3887 396 3930; x_wconf 90' lang='lat' dir='ltr'><strong>rex</strong></span> <span class='ocrx_word' id='word_1_355' title='bbox 415 3867 481 3930; x_wconf 90' lang='lat' dir='ltr'><strong>iam</strong></span> <span class='ocrx_word' id='word_1_356' title='bbox 501 3868 680 3950; x_wconf 88' lang='lat' dir='ltr'><strong>accepisset</strong></span> <span class='ocrx_word' id='word_1_357' title='bbox 700 3865 898 3950; x_wconf 84' lang='lat' dir='ltr'><strong>patritiatum</strong></span> <span class='ocrx_word' id='word_1_358' title='bbox 926 3865 1070 3931; x_wconf 89' lang='lat' dir='ltr'><strong>eiusdem</strong></span> <span class='ocrx_word' id='word_1_359' title='bbox 1095 3867 1262 3934; x_wconf 87' lang='lat' dir='ltr'><strong>Romanae</strong></span> <span class='ocrx_word' id='word_1_360' title='bbox 1290 3868 1331 3932; x_wconf 88' lang='lat' dir='ltr'><strong>rei</strong></span> 
     </span>
     <span class='ocr_line' id='line_1_45' title="bbox 219 3948 1331 4038; baseline 0 -24"><span class='ocrx_word' id='word_1_361' title='bbox 219 3949 381 4038; x_wconf 87' lang='lat' dir='ltr'><strong>publicae.</strong></span> <span class='ocrx_word' id='word_1_362' title='bbox 424 3949 489 4016; x_wconf 89' lang='lat' dir='ltr'><strong>Sed</strong></span> <span class='ocrx_word' id='word_1_363' title='bbox 519 3948 652 4016; x_wconf 82' lang='lat' dir='ltr'><strong>Carolus</strong></span> <span class='ocrx_word' id='word_1_364' title='bbox 680 3970 755 4014; x_wconf 90' lang='lat' dir='ltr'><strong>cum</strong></span> <span class='ocrx_word' id='word_1_365' title='bbox 783 3969 902 4034; x_wconf 82' lang='lat' dir='ltr'><strong>magna</strong></span> <span class='ocrx_word' id='word_1_366' title='bbox 932 3949 1119 4016; x_wconf 85' lang='lat' dir='ltr'><strong>difficultate</strong></span> <span class='ocrx_word' id='word_1_367' title='bbox 1140 3951 1193 4017; x_wconf 89' lang='lat' dir='ltr'><strong>vel</strong></span> <span class='ocrx_word' id='word_1_368' title='bbox 1213 3952 1331 4018; x_wconf 89' lang='lat' dir='ltr'><strong>itineris</strong></span> 
     </span>
    </p>
   </div>
   <div class='ocr_carea' id='block_1_7' title="bbox 219 4032 1330 4215">
    <p class='ocr_par' dir='ltr' id='par_1_8' title="bbox 219 4032 1330 4215">
     <span class='ocr_line' id='line_1_46' title="bbox 219 4032 1330 4121; baseline -0.001 -20"><span class='ocrx_word' id='word_1_369' title='bbox 219 4034 272 4101; x_wconf 91' lang='lat' dir='ltr'><strong>vel</strong></span> <span class='ocrx_word' id='word_1_370' title='bbox 302 4032 379 4099; x_wconf 90' lang='lat' dir='ltr'><strong>belli</strong></span> <span class='ocrx_word' id='word_1_371' title='bbox 409 4033 630 4120; x_wconf 86' lang='lat' dir='ltr'><strong>Desyderium</strong></span> <span class='ocrx_word' id='word_1_372' title='bbox 667 4033 796 4119; x_wconf 86' lang='lat' dir='ltr'><strong>subegit</strong></span> <span class='ocrx_word' id='word_1_373' title='bbox 824 4043 857 4098; x_wconf 93' lang='lat' dir='ltr'><strong>et</strong></span> <span class='ocrx_word' id='word_1_374' title='bbox 887 4043 1045 4121; x_wconf 90' lang='lat' dir='ltr'><strong>perpetuo</strong></span> <span class='ocrx_word' id='word_1_375' title='bbox 1078 4035 1178 4102; x_wconf 88' lang='lat' dir='ltr'><strong>exilio</strong></span> <span class='ocrx_word' id='word_1_376' title='bbox 1205 4036 1330 4101; x_wconf 88' lang='lat' dir='ltr'><strong>damna·</strong></span> 
     </span>
     <span class='ocr_line' id='line_1_47' title="bbox 221 4158 972 4215; baseline 0 -12"><span class='ocrx_word' id='word_1_377' title='bbox 221 4160 243 4215; x_wconf 85' lang='lat' dir='ltr'><strong>a)</strong></span> <span class='ocrx_word' id='word_1_378' title='bbox 259 4166 336 4202; x_wconf 84' lang='lat' dir='ltr'><strong>antem</strong></span> <span class='ocrx_word' id='word_1_379' title='bbox 353 4165 373 4202; x_wconf 82' lang='lat'><strong>1.</strong></span> <span class='ocrx_word' id='word_1_380' title='bbox 432 4159 457 4213; x_wconf 87' lang='lat' dir='ltr'><strong>b)</strong></span> <span class='ocrx_word' id='word_1_381' title='bbox 473 4161 736 4211; x_wconf 57' lang='lat' dir='ltr'><strong>hamptonensem.</strong></span> <span class='ocrx_word' id='word_1_382' title='bbox 798 4158 820 4212; x_wconf 88' lang='lat' dir='ltr'><strong>e)</strong></span> <span class='ocrx_word' id='word_1_383' title='bbox 836 4162 935 4210; x_wconf 84' lang='lat' dir='ltr'><strong>quisque</strong></span> <span class='ocrx_word' id='word_1_384' title='bbox 952 4164 972 4203; x_wconf 89' lang='lat'><strong>1.</strong></span> 
     </span>
    </p>
   </div>
   <div class='ocr_carea' id='block_1_8' title="bbox 220 4255 1334 4401">
    <p class='ocr_par' dir='ltr' id='par_1_9' title="bbox 220 4255 1334 4401">
     <span class='ocr_line' id='line_1_48' title="bbox 223 4255 1334 4324; baseline 0.004 -16"><span class='ocrx_word' id='word_1_385' title='bbox 223 4257 250 4324; x_wconf 80' lang='lat'><strong>1)</strong></span> <span class='ocrx_word' id='word_1_386' title='bbox 271 4257 301 4312; x_wconf 80' lang='grc'><strong>0.</strong></span> <span class='ocrx_word' id='word_1_387' title='bbox 322 4258 348 4309; x_wconf 83' lang='grc'><strong>9.</strong></span> <span class='ocrx_word' id='word_1_388' title='bbox 413 4255 442 4323; x_wconf 75' lang='lat'><strong>2)</strong></span> <span class='ocrx_word' id='word_1_389' title='bbox 461 4257 522 4308; x_wconf 88' lang='lat' dir='ltr'><strong>Lib.</strong></span> <span class='ocrx_word' id='word_1_390' title='bbox 536 4258 559 4320; x_wconf 90' lang='grc' dir='ltr'><strong>Ι,</strong></span> <span class='ocrx_word' id='word_1_391' title='bbox 580 4273 604 4309; x_wconf 88' lang='lat' dir='ltr'><strong>e.</strong></span> <span class='ocrx_word' id='word_1_392' title='bbox 618 4258 644 4309; x_wconf 84' lang='grc'><strong>3.</strong></span> <span class='ocrx_word' id='word_1_393' title='bbox 709 4257 739 4320; x_wconf 81' lang='grc'><strong>3)</strong></span> <span class='ocrx_word' id='word_1_394' title='bbox 757 4255 839 4307; x_wconf 85' lang='lat' dir='ltr'><strong>Liber</strong></span> <span class='ocrx_word' id='word_1_395' title='bbox 858 4257 952 4324; x_wconf 88' lang='lat' dir='ltr'><strong>pontif.</strong></span> <span class='ocrx_word' id='word_1_396' title='bbox 973 4272 996 4310; x_wconf 89' lang='lat' dir='ltr'><strong>c.</strong></span> <span class='ocrx_word' id='word_1_397' title='bbox 1009 4255 1053 4323; x_wconf 84' lang='lat'><strong>89,</strong></span> <span class='ocrx_word' id='word_1_398' title='bbox 1073 4259 1204 4313; x_wconf 85' lang='lat' dir='ltr'><strong>Muratori</strong></span> <span class='ocrx_word' id='word_1_399' title='bbox 1221 4259 1271 4313; x_wconf 83' lang='lat' dir='ltr'><strong>SS.</strong></span> <span class='ocrx_word' id='word_1_400' title='bbox 1282 4257 1334 4312; x_wconf 73' lang='lat'><strong>111.</strong></span> 
     </span>
     <span class='ocr_line' id='line_1_49' title="bbox 220 4327 1089 4401; baseline 0.006 -21"><span class='ocrx_word' id='word_1_401' title='bbox 220 4350 246 4401; x_wconf 83' lang='lat' dir='ltr'><strong>p.</strong></span> <span class='ocrx_word' id='word_1_402' title='bbox 268 4331 329 4384; x_wconf 75' lang='lat'><strong>153.</strong></span> <span class='ocrx_word' id='word_1_403' title='bbox 414 4329 443 4396; x_wconf 81' lang='lat'><strong>4)</strong></span> <span class='ocrx_word' id='word_1_404' title='bbox 463 4329 586 4386; x_wconf 72' lang='lat' dir='ltr'><strong>Mansit</strong></span> <span class='ocrx_word' id='word_1_405' title='bbox 608 4347 632 4383; x_wconf 89' lang='lat' dir='ltr'><strong>e.</strong></span> <span class='ocrx_word' id='word_1_406' title='bbox 652 4329 730 4391; x_wconf 86' lang='lat' dir='ltr'><strong>VIII,</strong></span> <span class='ocrx_word' id='word_1_407' title='bbox 749 4346 776 4396; x_wconf 91' lang='lat' dir='ltr'><strong>p.</strong></span> <span class='ocrx_word' id='word_1_408' title='bbox 797 4330 842 4382; x_wconf 77' lang='lat'><strong>51.</strong></span> <span class='ocrx_word' id='word_1_409' title='bbox 916 4327 945 4395; x_wconf 81' lang='lat'><strong>5)</strong></span> <span class='ocrx_word' id='word_1_410' title='bbox 966 4331 996 4383; x_wconf 83' lang='lat'><strong>0.</strong></span> <span class='ocrx_word' id='word_1_411' title='bbox 1018 4331 1042 4383; x_wconf 76' lang='lat'><strong>2.</strong></span> <span class='ocrx_word' id='word_1_412' title='bbox 1063 4334 1089 4385; x_wconf 87' lang='grc'><strong>3.</strong></span> 
     </span>
    </p>
   </div>
   <div class='ocr_carea' id='block_1_9' title="bbox 0 0 1410 4830">
    <p class='ocr_par' dir='ltr' id='par_1_10' title="bbox 0 0 1410 4830">
     <span class='ocr_line' id='line_1_50' title="bbox 0 0 1410 4830; baseline 0 0"><span class='ocrx_word' id='word_1_413' title='bbox 0 0 1410 4830; x_wconf 95' lang='lat' dir='ltr'><strong> </strong></span> 
     </span>
    </p>
   </div>
  </div>
 </body>
</html>
