2812 4830
204 417 239 467 86
389 417 440 465 DE
459 414 619 466 UNITATE
638 412 843 465 noctuam}
864 411 1142 464 CONSERVANDA.

203 608 238 650 se
260 581 523 670 persuasionibus
545 579 673 645 trahant
694 590 726 646 et
740 580 895 669 doctrinis
916 580 1078 666 pestiferis
1100 578 1144 644 ad
1165 579 1312 644 interitum

202 671 356 734 nutriant.
390 667 470 732 Sed:
493 667 574 729 Nisi
595 668 784 750 cognoveris
805 675 843 746 te,
866 689 884 729 o
894 666 1042 750 pulcbru
1063 666 1153 729 inter
1168 663 1313 743 mulieres,

65 773 133 816 cant.
143 778 162 825 1,
171 777 192 816 r.
203 754 365 841 egredere,
392 752 497 837 inquit
518 749 690 830 Dominus,
721 759 750 814 et
778 750 833 813 abi
850 759 928 834 post
949 751 1091 834 uestigia
1136 768 1269 834 requm;
1288 747 1313 810 id

203 846 265 903 est:
293 837 356 900 nisi
381 837 536 900 honorem
558 845 659 916 tuum,
689 855 753 920 quo
781 834 823 897 ad
846 832 1087 897 similitudinem
1111 771 1177 896 liei
1198 852 1233 896 es
1254 851 1313 895 cou-

203 923 279 1002 dita,
301 920 383 984 bene
397 917 535 983 vivendo
559 919 759 1003 cognoveris,
782 940 802 980 a
823 929 1000 1004 conspectu
1021 937 1113 980 meae
1129 913 1312 1002 contempla·

202 1008 300 1072 tionis
322 1004 474 1089 egredere
496 1012 528 1065 et
549 1003 773 1086 imperitorum
794 1002 894 1066 vitam
921 1005 1048 1066 imitare
1070 999 1272 1085 populorum,
1290 1009 1312 1062 et

203 1091 341 1155 cultores
356 1108 580 1173 perversorum
595 1086 794 1172 dogmatum,
816 1087 908 1171 quasi
923 1085 1065 1150 hoedost
1085 1093 1160 1148 tuos
1177 1106 1271 1168 pasce
1288 1084 1311 1146 in

201 1172 415 1241 tabernaculis
437 1180 614 1257 pastorum,
636 1172 698 1235 hoc
721 1171 824 1236 estin
846 1169 1081 1235 conventiculis
1103 1169 1311 1233 hereticorum.

201 1259 289 1323 Ecce
307 1257 392 1321 enim
407 1254 557 1319 defensor
571 1256 711 1341 partium
726 1253 939 1319 Hildebrandi
962 1253 1075 1319 scribit
1090 1263 1205 1318 contra
1219 1251 1311 1316 sedem

201 1340 413 1428 apostolicam
440 1338 536 1403 simul
564 1350 596 1404 et
623 1350 736 1404 contra
763 1338 978 1404 universalem
1002 1335 1184 1419 ecclesiam,
1207 1337 1310 1417 dicens,

201 1449 273 1491 eam
295 1425 440 1490 amisisse
462 1423 616 1488 honorem
630 1424 811 1488 sacerdotii.
840 1423 887 1488 Ut
907 1422 1033 1488 facilius
1052 1422 1157 1506 possit
1179 1421 1311 1506 decipere

202 1532 268 1591 eos,
296 1509 351 1595 qui
378 1507 513 1572 credunt
541 1505 625 1571 illius
646 1507 889 1594 perversissimo
912 1508 1022 1588 errori,
1044 1505 1223 1570 introducit
1242 1505 1311 1571 testi-

202 1593 312 1658 monia
345 1600 527 1655 sanctorum
560 1602 698 1678 patrum,
728 1592 920 1674 innocentii,
950 1588 1136 1671 Caelestini,
1169 1588 1311 1675 Gregorii,

201 1677 387 1761 Augustini.
438 1675 665 1740 Innocentius¹
699 1697 800 1761 papa:
835 1690 890 1754 Qus·
917 1691 1049 1752 bonorem,
1079 1673 1198 1760 inquit,
1231 1689 1311 1753 aaut,

202 1769 326 1820 bonorem
350 1766 416 1817 dare
440 1783 495 1816 uon
515 1782 602 1830 posse,
628 1784 676 1817 nec
694 1767 779 1817 ullum
798 1765 902 1831 aliquid
921 1764 954 1814 ab
978 1780 1007 1815 eo
1027 1762 1161 1830 accepisse
1181 1763 1312 1830 adquiesei

201 1859 269 1904 mus,
298 1840 363 1906 quia
389 1837 459 1889 nibil
479 1839 509 1888 in
534 1840 615 1890 clante
640 1846 705 1903 erat,
732 1841 803 1905 quod
827 1839 897 1890 alius
918 1838 950 1888 ab
970 1854 999 1888 eo
1017 1846 1106 1902 posset
1126 1839 1254 1905 aarum.
1286 1837 1313 1888 u

202 1932 294 1966 raum
313 1918 350 1964 est
370 1919 444 1975 certe,
466 1911 531 1976 quia
549 1913 621 1977 quod
639 1930 693 1964 non
712 1913 805 1965 babuit
824 1914 891 1964 dare
910 1929 964 1962 non
978 1911 1075 1976 potuit.
1119 1910 1313 1962 Damnationem

202 1989 292 2054 utique
311 2003 391 2053 quam
410 1985 503 2035 babuit
519 2002 570 2050 per
584 2003 701 2051 pravam
720 2004 817 2037 manus
829 1984 1021 2052 impositionem
1038 1984 1121 2048 dedit,
1141 1991 1167 2037 et
1184 1985 1231 2051 qui
1239 1983 1314 2051 parti·

202 2079 262 2127 ceps
271 2063 367 2127 factus
387 2065 423 2110 est
446 2059 569 2109 damnati
586 2060 715 2125 quomodo
735 2060 829 2112 clebeat
849 2060 973 2111 bonorem
993 2057 1122 2124 accipere,
1140 2058 1314 2111 iuvenireuou

197 2161 317 2210 possum.
361 2126 451 2189 Haec
473 2136 558 2191 certe
581 2125 695 2191 scribit
716 2127 924 2191 Innocentius
946 2134 1144 2206 contraeas,
1176 2127 1316 2212 quisunt

203 2209 377 2289 eiusmodi,
401 2208 504 2295 qualis
527 2220 575 2276 est
597 2233 695 2296 supra
717 2220 912 2275 memoratus
935 2209 1013 2275 Otto
1035 2209 1090 2274 vel
1113 2210 1316 2296 Hartvigusl,

203 2296 259 2379 qui
281 2296 435 2359 terminos
456 2295 604 2441 antissuos
626 2297 816 2380 transgressi
840 2302 914 2357 sunt
934 2315 993 2378 per
1008 2304 1184 2380 usurpatae
1203 2295 1316 2359 ordina-

202 2379 299 2442 tionis
321 2399 483 2440 excessus.
551 2402 568 2443 e
591 2379 709 2464 quibus
731 2389 762 2444 et
779 2378 953 2444 Callistus²
975 2399 1062 2463 papa
1083 2378 1214 2444 scribit:
1237 2393 1317 2456 Quod-

202 2468 312 2533 siquis,
339 2467 418 2517 etiam
440 2469 657 2533 metropolitauus
683 2469 830 2535 episcopus,
848 2467 903 2519 uisi
920 2468 992 2533 quod
1012 2468 1049 2518 ad
1067 2485 1146 2519 suam
1165 2466 1317 2521 solummodo

198 2541 314 2606 pertinet
335 2539 512 2603 parrochiam
532 2544 682 2607 propriam,
710 2543 767 2593 sine
793 2541 900 2592 consilio
926 2546 950 2591 et
970 2541 1104 2592 uoluntate
1124 2543 1243 2594 omnium
1261 2558 1317 2592 com·

197 2611 406 2679 prouincialium
431 2612 612 2678 episcoporum
636 2624 712 2666 entra
736 2615 841 2680 aliquid
867 2631 943 2680 apere
969 2615 1143 2678 temptauerit,
1161 2616 1265 2682 pradus
1282 2612 1318 2664 sui

198 2695 319 2760 periculo
339 2693 492 2757 subiacebit,
513 2700 537 2744 et
556 2696 627 2760 quod
646 2713 658 2747 e
679 2697 727 2748 erit
745 2695 851 2747 irritum
871 2695 1011 2746 habebitur
1030 2701 1054 2746 et
1072 2714 1200 2749 uacuum.
1232 2683 1319 2746 quta

203 2761 291 2846 quod
306 2781 504 2847 consequens
527 2763 623 2825 etiam
667 2762 835 2828 celestini³
850 2762 1081 2828 testimonium:
1106 2777 1139 2830 st
1155 2798 1226 2846 qaae
1233 2782 1320 2846 factas

202 2867 273 2922 sunt,
299 2845 412 2930 lnquit,
442 2860 623 2913 ordinationes
651 2862 768 2924 illicitae,
797 2871 991 2926 removeantur,
1019 2863 1145 2928 quoniam
1175 2871 1247 2914 stare
1273 2879 1320 2913 uon

198 2950 320 3007 possunt.
362 2928 405 2992 Et
434 2950 506 2992 cum
529 2930 621 2994 iuxta
647 2950 821 2993 consonam
851 2940 1034 2993 sanctorum
1083 2940 1191 2993 atrum
1213 2929 1321 2992 diffini-

202 3011 321 3076 tionem
344 3013 461 3098 dignus
489 3033 553 3076 non
580 3015 622 3076 sit
644 3012 695 3078 vel
717 3013 816 3077 sacris
844 3011 999 3078 altaribus
1028 3036 1047 3077 a
1072 3015 1255 3079 ministrare
1276 3011 1321 3077 vel

204 3098 461 3180 communionem
485 3117 611 3182 capere,
641 3099 697 3183 qui
725 3098 828 3161 nescit
855 3098 954 3161 sacris
976 3097 1154 3162 canonibus
1186 3096 1320 3177 obedire,

98 3196 189 3250 (xxrv)
203 3192 438 3267 consequenter
453 3181 549 3245 etiam
572 3190 604 3246 et
618 3181 793 3246 introducit
812 3183 996 3267 propositae
1018 3183 1157 3267 scriptor
1171 3182 1320 3267 epistolae

202 3273 313 3328 contra
335 3289 369 3330 se
392 3287 543 3351 suosque,
566 3267 621 3351 qui
649 3288 715 3329 non
737 3274 811 3329 sunt
832 3266 867 3328 in
888 3267 1114 3332 communione
1135 3266 1321 3332 universalis

202 3347 366 3430 ecclesiae,
389 3349 502 3412 sedin
525 3361 617 3433 parte
639 3351 688 3414 sui
712 3350 873 3433 Gregorii,
894 3348 974 3414 illud
994 3353 1095 3415 nostri
1121 3352 1225 3439 patris
1249 3351 1320 3417 Gre-

200 3433 303 3517 gorii⁴
325 3434 553 3510 testimonium,
585 3456 649 3518 quo
672 3435 784 3500 scribit
809 3434 850 3498 ad
874 3434 1070 3499 Maximum:
1102 3451 1167 3515 Nos,
1189 3437 1244 3516 ait,
1267 3470 1320 3504 sos-

201 3522 373 3575 seoraticnem
392 3523 478 3574 dicere
496 3523 570 3573 nullo
589 3525 666 3575 modo
680 3542 833 3590 possumus,
853 3541 922 3589 quae
942 3524 974 3574 ab
994 3524 1225 3578 excommunicatis
1245 3526 1319 3578 bomi-

200 3595 279 3646 nibus
299 3605 336 3648 est
355 3596 494 3649 celebrata.
526 3596 597 3657 Quia
610 3615 670 3649 aero
690 3598 746 3650 sine
766 3599 847 3649 ullius
866 3599 978 3663 exempli
989 3599 1083 3665 forma
1096 3599 1207 3650 uiolasti
1225 3608 1321 3652 tantam

201 3669 344 3719 sacerdotii
369 3669 533 3735 dignitatem,
554 3671 746 3736 praecipimus,
772 3680 801 3721 ut
822 3680 850 3721 tu
876 3672 1093 3737 ordinatoresque
1112 3672 1153 3722 tui
1171 3675 1319 3726 nullatenus

202 3747 341 3792 attrectare
369 3741 511 3806 quicquam
530 3745 711 3808 praesumatis
737 3745 910 3796 sacerdotalis
935 3745 1023 3811 officii,
1049 3760 1097 3795 neo
1123 3762 1209 3811 usque
1229 3748 1266 3799 ad
1283 3762 1319 3797 re·

201 3813 329 3878 sompnum
352 3821 470 3865 nostrum
495 3817 531 3866 ad
551 3818 649 3868 cultum
667 3835 714 3868 uos
733 3818 805 3868 sacri
824 3819 917 3869 altaris
937 3818 1071 3869 accedere.
1111 3816 1216 3880 Quodsi
1234 3826 1320 3873 contra

201 3885 266 3936 bueo
293 3904 370 3952 apere
390 3889 633 3954 praesumpseritis,
658 3891 800 3941 anatliema
825 3891 898 3943 uobis
924 3892 958 3942 sit
980 3909 997 3940 a
1016 3890 1074 3942 Deo
1097 3898 1122 3942 et
1141 3892 1219 3946 beato
1238 3893 1320 3955 Petro,

201 3959 380 4024 apostoloram
403 3961 534 4026 principe,
564 3972 593 4013 ut
625 3965 840 4029 contemplatione
867 3962 962 4016 iudicii
990 3962 1072 4016 uestri
1099 3966 1193 4019 ceteris
1222 3981 1319 4034 quoque

202 4134 225 4185 a)
243 4133 314 4174 osdos
331 4135 350 4175 1.
411 4131 593 4186 miseraturus
611 4140 631 4178 1.

204 4294 232 4362 1)
253 4296 400 4347 Hinscbius
415 4313 441 4361 p.
456 4295 517 4346 550.
584 4296 614 4360 ἓ)
634 4298 719 4363 Epist.
741 4298 840 4350 Galixti
859 4301 979 4350 secunda
999 4317 1021 4351 c.
1037 4301 1080 4350 13.
1101 4317 1144 4368 ap.
1165 4303 1319 4354 Hinscbium

200 4386 228 4436 p.
248 4369 310 4420 139.
385 4369 412 4433 3)
433 4369 504 4419 Ibid.
528 4387 554 4435 p.
576 4369 637 4420 560.
712 4372 740 4435 4)
761 4373 883 4438 Gregorii
903 4374 1043 4439 Epistulae
1062 4374 1111 4439 IV,
1132 4375 1176 4427 20.
