2812 4830
225 345 242 394 8
373 381 374 384 η
416 344 466 393 DE
485 340 644 393 UNITATE
664 338 868 391 EGGLESIAE
889 337 1165 390 CONSERVANDA.

227 511 336 592 vendi,
366 510 423 574 sed
444 508 574 573 vincula
598 516 816 593 peccatorum,
844 527 908 570 non
931 515 966 570 ut
987 505 1125 571 solveret
1145 516 1350 572 sacramenta

228 597 410 661 divinarum
438 594 679 679 scripturarum,
700 612 805 676 neque
828 600 863 655 ut
883 589 904 652 li
928 598 997 654 aret
1015 589 1080 653 Dei
1102 591 1251 672 verbum,
1276 613 1349 677 quo-

66 682 325 762 cassaniam,
356 681 440 742 sicut
468 678 514 742 ait
541 674 716 762 apostolus,
744 675 874 739 verbera
901 613 967 736 lta·
996 697 1064 738 aaa
1092 684 1138 738 est
1160 675 1347 762 adipatum.

228 765 275 828 Er
298 784 316 827 o
338 762 448 848 praeci
472 763 498 825 it
511 760 671 825 Dominus
694 781 752 844 per
768 758 904 842 Moysen
925 756 999 820 filiis
1020 757 1129 840 Israel,
1151 759 1255 823 immo
1278 759 1348 824 filiis

229 785 394 928 ecelesiae,
425 783 470 908 ad
494 866 575 930 quos
605 843 708 926 magis
734 842 874 928 pertinet
894 842 1101 927 repromissio
1122 842 1243 908 Israel:
1275 845 1347 910 Non

68 960 217 1013 uxoreae.
230 954 374 996 assumes
394 952 510 993 nemea
524 929 590 991 Dei
611 929 661 990 tea·
680 929 717 990 ia
743 949 880 1007 oaaum;
903 949 960 990 aec
982 932 1064 991 enim
1086 927 1217 993 habebit
1238 930 1348 993 iason·

228 1024 289 1079 tem
313 1015 473 1079 Dominus
495 1035 577 1092 eum,
607 1012 664 1096 qa·
686 1012 900 1095 assumpserit
920 1033 1036 1075 nomen
1059 1010 1186 1076 domiai
1209 1011 1278 1076 Dei
1298 1016 1349 1078 sui

228 1101 265 1164 ia
277 1099 427 1182 frustra.
472 1096 553 1177 Quis
582 1095 700 1180 poterit
728 1091 852 1158 solvere
874 1095 967 1159 istam
988 1094 1123 1158 Domini
1145 1097 1347 1176 sententiam,

227 1183 294 1246 sive
327 1179 423 1262 illam,
458 1201 522 1265 qua
553 1178 695 1264 loquitur
706 1200 785 1348 sim
806 1176 1008 1243 Ezechielem
1040 1178 1248 1264 prophetam:
1287 1180 1348 1254 Qai

86 1257 209 1298 naseam
263 1267 331 1366 gvii·
344 1276 489 1367 pacpum,
518 1263 672 1348 nunquid
699 1284 714 1324 e
741 1261 849 1348 sapiet?
884 1262 957 1328 [sivo
980 1286 1048 1348 epo,
1071 1264 1152 1328 dicit
1172 1265 1348 1347 Dominus,

212 1284 262 1331 ’so

105 1317 187 1368 Μ’
228 1372 386 1438 quoniam
406 1357 636 1427 iuramentum,
660 1347 748 1431 quod
769 1349 901 1429 sprevit,
924 1357 954 1411 et
1000 1357 1116 1428 actum,
1139 1349 1231 1431 qaod
1248 1372 1347 1435 prae-

227 1435 399 1498 varicatos
421 1442 475 1513 est,
494 1453 619 1515 porram
641 1433 678 1494 ia
700 1440 802 1515 caput
823 1433 903 1494 eius.
946 1369 1041 1494 tilde
1069 1432 1155 1496 etin
1178 1433 1348 1519 euangelio

229 1519 298 1603 ipse
313 1516 474 1580 Dominus
496 1518 527 1579 et
545 1513 684 1578 salvator
705 1514 759 1595 ait,
782 1514 869 1598 quod
892 1524 977 1578 certe
998 1515 1112 1579 beatus
1126 1516 1246 1582 Petrus
1270 1519 1351 1582 sieut

67 1593 175 1693 wlff
185 1593 219 1637 ¹⁸·
229 1599 431 1687 praedicavit
451 1601 498 1662 sic
519 1621 539 1662 a
561 1599 702 1661 Domino
725 1600 865 1683 accepit:
894 1599 997 1663 Antea
1020 1601 1093 1663 dico
1115 1601 1229 1665 vobis:
1252 1603 1350 1666 donec

153 1683 158 1693 '
229 1694 379 1750 transeat
407 1683 531 1748 caelata
559 1692 587 1746 et
615 1692 715 1764 terra,
743 1683 813 1746 iota
841 1706 944 1746 unam
973 1692 1030 1746 aut
1059 1706 1147 1748 anas
1171 1708 1264 1770 epea
1286 1709 1349 1751 aaa

223 1768 420 1853 praeteribit
443 1792 464 1830 a
485 1767 563 1852 ispe,
587 1767 687 1830 donec
711 1767 821 1830 omnia
835 1766 935 1847 fiant.
973 1764 1038 1840 Qui
1061 1777 1168 1832 autem
1191 1794 1300 1835 unam
1315 1771 1352 1834 de

229 1853 396 1919 mandatis
428 1853 502 1915 istis
533 1850 678 1914 minimis
710 1849 841 1913 solverit
874 1860 903 1913 et
935 1851 1082 1915 docuerit
1113 1853 1162 1916 sic
1194 1854 1350 1935 homines,

228 1940 384 2002 minimus
404 1934 576 1999 vocabitur
596 1936 633 1997 in
656 1955 757 2018 rapae
777 1933 949 1998 coeloram.
982 1933 1069 1998 Hinc
1091 1946 1225 2002 sanctus
1242 1939 1351 2024 Augu-

229 2021 331 2086 stinus
361 2021 393 2083 in
420 2017 503 2082 libro
527 2018 567 2082 de
590 2038 737 2081 sermone
760 2017 893 2080 Domini
915 2019 949 2080 in
970 2027 1116 2082 montel:
1139 2026 1290 2093 Mandata,
1308 2023 1351 2085 in-

229 2105 307 2190 quit,
329 2108 515 2177 siqnifieantar
531 2124 583 2173 per
602 2123 685 2157 anum
703 2105 759 2157 iota
785 2116 809 2157 et
823 2123 874 2172 per
893 2124 977 2158 anam
996 2109 1104 2174 apicem.
1145 2108 1201 2170 Qui
1222 2127 1284 2178 erqo
1304 2113 1350 2163 sol·

228 2193 295 2246 verit
320 2199 343 2246 et
368 2190 487 2242 docuerit
511 2191 556 2252 sic,
583 2188 612 2239 id
632 2195 669 2240 est
694 2189 840 2239 secundam
864 2189 912 2240 too
930 2190 1002 2254 quod
1021 2190 1107 2254 solvit,
1126 2207 1182 2242 aaa
1203 2193 1350 2244 secandam

229 2267 276 2319 hoe
300 2266 370 2332 qaod
394 2261 495 2315 invenit
518 2268 541 2313 et
560 2261 664 2329 ἱερέων,
688 2262 812 2311 minimas
839 2262 976 2312 vocabitur
1002 2261 1031 2313 ia
1056 2279 1135 2331 repro
1161 2266 1308 2330 caelorum,
1327 2272 1350 2318 et

222 2341 341 2406 fortasse
359 2337 419 2388 ideo
444 2335 496 2386 ait:
519 2352 572 2386 noa
592 2337 640 2386 erit
658 2335 687 2384 ia
706 2351 786 2402 repas
806 2335 946 2398 caelorum,
972 2335 1019 2386 abi
1036 2336 1090 2386 nisi
1112 2337 1205 2402 magni
1225 2355 1282 2390 esse
1300 2357 1352 2390 aaa

224 2418 346 2479 possunt.
384 2403 473 2502 Ergo
502 2424 576 2465 cum
605 2400 676 2466 talis
706 2403 747 2465 sit
775 2403 830 2486 qui
852 2401 983 2467 solverit
1004 2424 1104 2466 unum
1126 2403 1167 2467 de
1189 2405 1352 2470 mandatis

228 2485 363 2549 Domini
390 2486 541 2567 mimmis,
571 2485 673 2570 qualis
703 2486 764 2550 erit
785 2486 847 2633 gui
875 2485 1008 2550 solverit
1036 2508 1135 2550 unum
1160 2485 1202 2551 de
1226 2491 1352 2576 magnis

229 2570 297 2633 sive
320 2568 359 2633 de
381 2571 531 2634 maximis
552 2570 686 2634 Domini
708 2592 783 2633 man
807 2569 889 2634 atis?
933 2568 1016 2635 Oum
1043 2571 1127 2634 enim
1149 2572 1355 2657 prohibuerit

229 2654 389 2719 Dominus
411 2654 444 2716 in
467 2653 633 2738 euangelio
663 2654 769 2718 iurare
796 2655 864 2717 sive
885 2675 944 2738 per
965 2663 1082 2719 terram
1105 2657 1179 2720 sive
1200 2679 1263 2742 per
1285 2680 1352 2724 cae

228 2735 295 2801 lum
317 2747 372 2802 aut
392 2761 450 2823 per
464 2736 584 2824 aliquid
598 2736 794 2820 huiusmodi,
815 2759 922 2802 nonne
944 2759 1107 2823 magnum,
1128 2740 1232 2806 immo
1255 2742 1354 2807 maxi·

229 2843 318 2885 mum
343 2831 513 2920 peccatum
535 2830 584 2886 est
605 2823 644 2904 ei,
666 2823 786 2908 siquis
806 2823 841 2885 in
862 2844 981 2888 vanum
1003 2826 1215 2910 assumpserit
1237 2848 1353 2893 nomen

67 2916 147 2957 Matth.
155 2917 176 2969 ⁵,
184 2916 219 2960 ³³·
230 2905 352 2990 domim
367 2907 430 2971 Dei
450 2905 523 2969 sui?
558 2906 720 2986 Audistis,
742 2907 856 2990 inquit,
880 2909 961 2992 quia
981 2908 1103 2973 dictam
1125 2918 1171 2972 est
1193 2913 1353 2998 antiquis,

99 2976 180 3019 Μ·
230 3012 296 3054 aaa
322 2991 502 3076 peierabis,
531 2991 646 3056 reddes
680 3000 787 3054 autern
808 2992 951 3054 Domino
982 2992 1221 3057 iusiurandum
1254 3005 1354 3060 taam.

125 3073 133 3082 ’
230 3074 304 3160 Epo
329 3084 435 3140 autera
458 3076 531 3138 dico
553 3074 659 3139 vobis:
683 3097 749 3138 aaa
772 3075 902 3139 iurabis
926 3077 1058 3139 omnino
1080 3098 1183 3160 aeque
1200 3100 1352 3162 pereae-

229 3158 305 3241 lam,
335 3161 415 3244 qaia
443 3161 582 3224 tironus
604 3160 669 3222 Dei
691 3169 744 3239 est,
768 3181 870 3242 aeque
888 3180 952 3242 per
974 3168 1103 3239 terram,
1126 3163 1209 3244 qaia
1232 3164 1352 3228 scaea

229 3242 295 3306 lam
318 3254 363 3307 est
380 3244 503 3328 pedam
525 3245 595 3307 cias
619 3252 650 3306 et
665 3252 779 3306 cetera.
813 3241 866 3306 Sit
889 3251 1003 3323 autern,
1027 3244 1081 3324 ait,
1103 3264 1209 3308 sermo
1232 3257 1355 3314 aester:

229 3337 284 3408 est,
308 3337 363 3408 est,
386 3351 464 3405 aaa,
488 3349 573 3408 non;
598 3328 684 3411 qaod
701 3336 807 3390 eutem
829 3327 881 3390 tis
904 3327 1132 3390 absradaatias
1150 3338 1206 3409 est,
1230 3354 1254 3394 a
1270 3330 1354 3397 malo

229 3421 283 3474 est.
327 3410 527 3497 Euangelice
556 3409 685 3496 quidem
715 3410 867 3494 perfectio
897 3411 1112 3474 iuramentum
1138 3433 1205 3475 non
1226 3416 1353 3502 recipit,

229 3492 286 3558 sed
316 3496 419 3559 omnis
448 3515 552 3558 sermo
575 3494 739 3557 christiani
766 3494 810 3557 ita
841 3516 936 3557 verus
961 3515 1001 3556 ac
1028 3493 1131 3559 fidelis
1159 3497 1233 3579 erit,
1262 3499 1352 3585 quasi

228 3577 444 3643 iuramentum
467 3579 539 3663 quis
555 3577 689 3658 dederit,
711 3586 743 3641 et
756 3588 937 3663 propterea,
961 3579 1044 3642 sicut
1065 3581 1201 3663 exponit
1223 3594 1354 3650 sanetus

229 3663 441 3745 Augustinus,
462 3660 652 3746 intelligitur
666 3663 870 3746 praecepisse
885 3662 1072 3744 Dominum,
1094 3685 1134 3726 ne
1157 3665 1297 3750 iuretur,
1317 3689 1355 3732 ne

230 3746 399 3830 quisquam
429 3747 513 3808 sicut
541 3745 660 3809 bonum
690 3754 822 3830 appetat
848 3746 1070 3810 iusiurandum
1103 3757 1136 3811 et
1163 3749 1353 3818 assiduitate

229 3829 356 3893 iurandi
378 3850 437 3913 per
452 3829 712 3895 consuetudinem
736 3827 903 3894 delabetur
923 3829 965 3893 ad
987 3831 1173 3914 periurium.
1213 3835 1352 3901 Proinde

230 3913 327 3976 etiam
343 3921 472 3976 sanctus
483 3913 620 3977 Iacobus
635 3912 798 3998 apostolus
810 3913 1003 3977 confirmans
1015 3915 1207 3980 sententiam
1220 3918 1354 3984 Domini

97 4018 219 4070 asara.
233 3996 274 4061 de
296 3997 368 4081 ipso
391 4005 605 4061 sacramento:
629 3999 714 4062 Ante
736 3999 856 4079 omnic,
878 3998 992 4082 inquit,
1005 3997 1137 4080 fratres
1160 4005 1236 4084 mei,
1259 4005 1355 4070 nolite

236 4213 480 4334 llllll3eDsermone
505 4215 615 4265 Domini
646 4193 673 4264 in
700 4221 790 4265 monte
817 4231 871 4267 see.
890 4216 985 4266 Matth.
1010 4216 1032 4277 I,
1054 4215 1097 4266 20.
1136 4215 1231 4282 Opera
1257 4219 1314 4284 111,
1331 4218 1358 4282 2,

229 4303 256 4351 p.
367 4321 372 4334 .
