2812 4830
231 383 282 434 116
411 386 462 436 DE
481 384 639 436 UNITATE
658 383 864 435 accensum:
885 383 1165 436 CONSERVANDA.

225 552 314 633 dam,
335 553 504 617 fautricem
523 551 728 617 Hildebranti
769 573 865 637 apac;
889 552 981 614 cuius
996 548 1118 617 scilicet
1133 552 1262 617 secretis
1283 574 1335 616 ser-

223 637 377 702 monibus
411 637 601 719 assuefacta,
641 657 682 699 ne
718 659 738 700 a
784 657 824 699 uc
857 636 986 722 quidem
1028 643 1134 721 potest
1178 637 1336 722 compesci,

224 720 438 786 muliebribus
466 720 558 784 furiis
580 723 740 803 instincta,
774 731 810 784 ut
840 741 954 804 pacem
984 741 1081 805 quam
1115 719 1235 787 bellum
1260 719 1337 786 malit

225 817 261 870 et
282 815 318 869 ut
338 805 434 870 rebus
457 807 522 869 suis
550 806 616 870 iam
639 827 740 890 usque
769 805 811 868 ad
833 803 980 869 ultimum
1010 826 1093 889 pene
1123 805 1337 869 exterminium

226 889 392 988 dissipatis
408 889 573 955 consulere
589 889 675 969 velit,
695 911 767 952 cum
783 889 937 953 hactenus
959 890 1030 974 ipsa
1044 888 1142 953 fuerit
1157 912 1236 976 prae
1262 900 1337 953 otens

227 973 357 1053 divinis,
380 983 491 1060 utpote
512 973 578 1037 filia
597 973 757 1038 Bonifacii
778 972 981 1037 marchionis.
1016 973 1129 1059 Neque
1144 995 1222 1038 vero
1238 912 1338 1038 betrus

227 1061 295 1123 sive
316 1058 438 1123 Paulus
460 1060 641 1125 docuinam
663 1059 875 1124 contentionis
898 1056 1099 1123 dictaverunt
1122 1079 1197 1122 cum
1213 1057 1338 1123 mulieri·

228 1142 300 1225 bus,
322 1143 483 1208 sedunus
505 1143 669 1229 praecepit
690 1144 853 1207 infirmum
868 1163 927 1206 vas
942 1141 1099 1207 muliebre
1114 1152 1239 1207 castam
1261 1163 1338 1206 susm

67 1232 157 1275 ¹·P0tr·
167 1237 187 1306 ³2
197 1236 218 1278 ⁷·
229 1231 504 1293 conversationem
527 1229 561 1290 in
582 1228 696 1291 timore
718 1226 943 1312 consyderare,
968 1225 1049 1290 alter
1063 1249 1142 1291 vero
1166 1226 1263 1292 docet
1283 1248 1338 1290 mu-

123 1297 322 1409 ffiffisslieres
344 1335 378 1378 se
401 1334 514 1376 ornare
538 1333 611 1375 cum
625 1310 821 1375 verecundia
843 1319 875 1373 et
896 1310 1077 1391 sobrietate,
1101 1320 1133 1376 et
1155 1311 1244 1397 quod
1261 1313 1339 1376 decet

229 1396 379 1461 mulieres
401 1399 554 1482 pietatem
576 1417 635 1481 per
656 1394 742 1459 bona
765 1417 863 1481 opera
884 1396 1080 1480 promittere.
1125 1395 1223 1459 Nunc
1245 1407 1338 1460 autern

228 1481 320 1545 aliter
354 1480 491 1544 Mathild
523 1478 578 1544 illa
607 1480 754 1544 instituta
781 1489 855 1565 post
884 1488 1033 1543 octavum
1062 1500 1192 1566 quoque
1222 1501 1339 1559 annum,

228 1587 292 1650 quo
316 1564 483 1629 defunctus
505 1573 555 1629 est
576 1563 771 1631 Hildebrant
791 1561 956 1626 familiaris
978 1564 1046 1629 eius
1056 1577 1076 1645 ¹,
1107 1563 1252 1628 defendit
1280 1584 1339 1650 pro·

228 1651 360 1713 nissime
387 1657 499 1713 contra
530 1648 639 1713 sedem
671 1648 883 1735 apostolicam
915 1658 948 1711 et
980 1661 1091 1712 contra
1123 1650 1339 1735 imperatorem

228 1743 354 1819 partem
380 1733 492 1820 ipsius,
526 1733 582 1819 qui
611 1745 743 1819 propter
770 1733 920 1818 frequens
954 1752 1029 1795 cum
1061 1754 1099 1796 ea
1132 1744 1165 1798 et
1196 1731 1339 1797 familiare

230 1816 425 1904 colloquium
463 1818 632 1903 generavit
664 1816 812 1903 plurimis
846 1828 1001 1880 scaevae²
1040 1818 1232 1902 suspicionis
1265 1839 1341 1882 scan-

230 1902 348 1984 dalum,
378 1902 454 1967 dum
484 1923 549 1966 non
579 1901 762 1967 observavit
790 1901 942 1965 attentius
972 1901 1118 1965 divinum
1151 1901 1232 1966 illud
1261 1901 1340 1965 Lucii

230 1998 354 2073 papae³
388 1986 591 2050 mandatum:
624 2002 686 2053 Duo
716 2000 875 2067 presbyten,
907 1985 1022 2069 inquit,
1055 2008 1079 2053 a
1107 2010 1160 2054 tres
1189 2000 1339 2054 diaconiis

230 2076 302 2129 amai
327 2078 381 2128 beo
409 2094 463 2128 nort
491 2078 616 2129 deserant
641 2076 792 2142 episcopam
814 2083 927 2141 propter
952 2074 1128 2127 testimoniam
1150 2075 1250 2128 scilicet
1275 2074 1340 2127 eecle-

230 2160 374 2211 siasticam.
427 2145 542 2209 Posuit
580 2153 689 2208 autem
732 2141 924 2208 Hildebrant
964 2153 1110 2230 partem⁸
1150 2165 1244 2207 suam
1279 2163 1340 2205 cum

230 2226 285 2291 illa
306 2226 438 2292 muliere
460 2229 580 2310 rixosa,
601 2237 638 2291 ut
683 2249 718 2291 er
738 2226 823 2291 hunc
867 2249 974 2313 uoque
1004 2250 1117 2292 sexum
1146 2237 1341 2313 oppugnetur

230 2310 283 2375 vel
304 2310 440 2377 ecclesia
461 2311 513 2378 vel
541 2335 592 2378 res
613 2251 754 2397 publica.
799 2249 867 2374 Sel
893 2311 1010 2376 dicitur
1032 2312 1061 2377 ei
1088 2333 1108 2374 a
1129 2311 1273 2376 Domino
1294 2332 1341 2397 per

89 2417 174 2469 nass,
184 2416 220 2458 ιε.
231 2395 431 2459 Hieremiam
444 2396 645 2482 prophetam,
660 2396 751 2482 quia:
775 2393 815 2459 Si
829 2396 865 2458 s'a
881 2398 938 2459 oia
952 2398 1019 2461 Dei
1034 2394 1246 2479 ambulasses,
1264 2397 1341 2460 babi-

231 2490 333 2543 tasses
363 2485 473 2565 atique
503 2485 539 2545 ia
562 2504 648 2564 pace
676 2503 778 2565 saper
802 2489 935 2544 terram.
977 2481 1021 2545 Et
1047 2481 1164 2545 iterum
1195 2480 1240 2544 de·
1280 2481 1342 2544 arti·

231 2564 359 2648 cipibus
388 2564 532 2628 eiusdem
559 2562 777 2644 Hildebranti,
811 2564 894 2628 inter
921 2587 1001 2649 quos
1031 2566 1129 2629 etiam
1157 2575 1234 2629 sunt
1292 2572 1343 2629 ort·

67 2669 221 2721 susas-as.
233 2648 353 2729 manni,
374 2647 521 2712 homines
543 2646 770 2713 crudelissimi:
793 2649 951 2730 Fuerunt,
980 2651 1093 2735 inquit,
1116 2652 1282 2715 nominati
1298 2646 1343 2713 illi

233 2734 366 2796 scientes
382 2731 505 2814 bellum,
527 2732 661 2818 ideoque
683 2756 750 2797 noa
770 2734 829 2798 bos
844 2734 939 2819 clepit
952 2735 1124 2814 Dominus,
1147 2735 1344 2818 sequacium

234 2817 432 2902 disciplinae
447 2820 660 2900 incesseram&
677 2841 743 2902 pro
769 2828 867 2898 terea,
883 2819 937 2898 ait,
949 2821 1130 2902 perferunt.
1160 2817 1255 2882 Sicut
1269 2818 1343 2881 enim

234 2900 466 2986 supradictum
482 2913 539 2986 est,
561 2904 716 2967 nominati
730 2840 774 2966 illi
790 2902 952 2986 principes
967 2903 1068 2987 regni,
1089 2901 1191 2965 immo
1215 2903 1345 2967 destruc-

233 2994 317 3049 tores
348 2989 439 3072 regni
464 2989 628 3074 perierunt
659 3008 743 3051 anno
768 2987 859 3051 1090.
890 2984 931 3048 ab
959 2986 1181 3050 incarnatione
1210 2984 1343 3053 Domini.

234 3071 298 3133 Hic
333 3094 435 3137 annus
469 3073 604 3159 insignis
639 3093 703 3158 quo
728 3093 768 3136 ue
797 3077 845 3133 est
877 3079 979 3135 morte
1011 3067 1226 3136 Adelberonis
1259 3080 1344 3157 atque

232 3156 423 3220 Herimanni
452 3159 688 3255 episcoporum,
706 3094 756 3218 (be
784 3153 901 3239 quibus
931 3153 1055 3218 dictum
1083 3164 1132 3218 est
1154 3167 1285 3255 supra⁴,
1314 3153 1345 3217 de

233 3239 350 3326 quibus
383 3243 477 3304 etiam
514 3240 626 3305 scrrbit
657 3249 785 3303 sanstus
819 3237 886 3301 Leo
923 3251 1044 3324 papa⁵:
1085 3253 1159 3318 Nos,
1195 3242 1346 3326 inquiens,

233 3329 328 3396 quibas
360 3330 507 3384 uiuentibus
537 3348 592 3381 nors
620 3327 877 3391 communicavimus,
910 3330 989 3380 etiam
1019 3327 1132 3380 mortuis
1160 3331 1346 3382 communicare

234 3430 288 3463 non
311 3430 462 3478 poseamus.
512 3397 581 3482 Ipsi
619 3395 749 3480 quidem
787 3398 934 3459 exierunt
974 3419 1016 3461 ex
1050 3394 1159 3474 nobis,
1193 3420 1260 3462 non
1297 3417 1347 3461 nos

73 3501 224 3554 1.10n.s,1s.
236 3503 278 3544 ex
313 3480 390 3562 illis,
419 3481 476 3544 sed
509 3502 574 3543 non
609 3490 697 3544 erant
727 3502 770 3542 ex
801 3478 911 3561 nobie,
945 3481 1037 3566 quia,
1074 3483 1105 3545 ss'
1127 3479 1282 3564 fuissent
1314 3500 1347 3543 ea

237 3564 345 3645 nobis,
376 3567 638 3651 permansissent
668 3567 778 3649 utique
813 3564 994 3645 nobiseum,
1028 3566 1110 3628 sicut
1142 3562 1265 3632 dicitur
1299 3586 1348 3651 per

235 3646 411 3712 Iohannem
444 3645 635 3732 apostolum.
684 3647 779 3712 Unde
812 3657 844 3711 et
876 3647 1059 3734 Cyprianus
1091 3649 1289 3738 episcopus⁶
1320 3651 1347 3712 in

234 3730 316 3795 libro
339 3731 379 3795 de
401 3729 607 3794 mortalitate:
633 3746 732 3811 Talem,
751 3733 864 3817 inquit,
887 3755 911 3798 se
929 3747 1031 3800 iudicas
1046 3747 1190 3814 Dominus,
1210 3753 1347 3817 quaterna

235 3829 343 3890 invenit,
364 3846 422 3880 cuns
441 3839 525 3881 vocat.
559 3829 687 3881 Ueritatem
706 3830 783 3895 enim,
808 3817 884 3897 alil,
906 3831 953 3897 qm'
976 3849 1030 3882 non
1050 3840 1125 3895 temet,
1145 3850 1202 3884 mon
1221 3833 1311 3886 Patris
1327 3839 1347 3884 st

237 3947 260 4000 s)
276 3961 299 3998 p.
317 3959 369 3988 cum
385 3949 429 3988 ills
445 3959 510 3988 suam
528 3953 547 3990 1.

239 4046 265 4108 1)
280 4046 320 4094 Ex
333 4045 373 4095 his
383 4046 472 4095 verbis
487 4046 578 4112 colligi
591 4052 687 4112 potest,
697 4047 767 4098 haec
781 4063 806 4097 s.
819 4048 898 4097 1093.
912 4049 1013 4113 scripta
1026 4062 1094 4098 esse.
1145 4045 1175 4113 2)
1188 4049 1207 4100 i.
1220 4067 1244 4102 s.
1259 4053 1348 4102 ‘Nach-

237 4117 303 4169 theil
322 4118 470 4184 bringend',
490 4135 542 4170 non
561 4118 695 4171 ‘thiiricht’
714 4127 744 4171 ut
757 4120 877 4172 Schbbsr
895 4122 923 4170 in
937 4121 1116 4187 disputatione
1136 4121 1286 4176 ‘Vorwiirfe
1301 4123 1348 4176 und

238 4191 380 4254 Anklagsn
405 4208 493 4258 gegen
519 4194 622 4258 Gregor
638 4194 700 4245 vn.
727 4210 775 4245 aus
801 4194 852 4244 den
873 4193 1007 4245 Schriften
1032 4196 1120 4246 seiner
1142 4195 1348 4264 Zeitgenosssn',

238 4264 464 4327 Nordhus.1873,
485 4284 511 4332 p.
529 4269 555 4316 4.
575 4267 639 4319 vult,
696 4266 724 4332 3)
745 4267 891 4318 Hinschius
911 4267 932 4317 l.
949 4284 972 4318 c.
993 4267 1093 4334 pilli.
1152 4271 1183 4336 4)
1205 4273 1237 4324 C.
1252 4274 1296 4324 29.
1309 4272 1347 4323 30.

239 4338 267 4401 5)
287 4339 432 4390 Hinschius
446 4337 465 4390 l.
479 4355 502 4389 c.
516 4358 542 4406 p.
553 4339 615 4390 617.
671 4339 700 4407 6)
722 4340 849 4406 Cypriani
863 4341 952 4406 Opera
965 4359 991 4408 p.
1006 4340 1068 4393 308.
1127 4343 1155 4411 7)
1169 4346 1244 4399 Ibid.
1255 4366 1282 4415 p.
1293 4348 1347 4396 215.
