2812 4830
175 356 211 405 36
362 356 413 406 DE
432 356 592 408 UNITATE
612 356 818 409 Euctusiau
839 352 1117 409 constatinus.

176 524 242 606 ubi,
267 533 386 623 quanto
409 523 577 587 sublimior
597 525 754 589 institutio
776 533 873 609 atque
889 523 1043 602 doctrina,
1067 529 1163 584 tanto
1179 520 1307 604 gravior

33 598 66 642 οἵ·
73 596 163 698 ,Msslh'
175 619 303 673 exactio
327 618 423 694 atque
438 607 591 688 vindicta,
615 611 642 672 si
658 610 730 694 quis
753 607 882 672 solverit
903 605 954 671 vel
974 627 1075 669 unum
1099 603 1142 668 de
1166 603 1308 666 minimis

37 738 41 743 -
89 685 94 708 '
175 693 310 756 Domini
332 692 502 772 mandatis,
525 712 608 777 quae
631 694 751 777 scripta
773 702 847 756 sunt
868 693 902 755 in
923 690 1004 774 lege,
1028 710 1114 775 quae
1138 709 1204 752 nec
1227 686 1308 750 filius

40 771 163 872 “w“
176 778 240 841 Dei
262 778 350 840 venit
372 775 504 857 solvere,
527 775 586 839 sed
608 776 794 860 adimplere,
818 796 977 861 apparens
1000 782 1087 837 certe
1116 793 1225 857 opera
1247 771 1309 834 dia-

97 860 103 882 ‘
129 860 134 871 '
176 859 242 925 boli
265 860 401 940 solvere,
424 881 506 945 quae
529 861 626 923 etiam
649 861 809 924 concessit
838 858 1021 923 sacerdotes
1047 857 1083 919 in
1107 856 1215 921 verbo
1239 855 1309 934 Dei,

175 947 208 1008 in
241 946 361 1008 virtute
388 944 452 1008 Dei
482 943 615 1013 solvere,
667 944 758 1007 Haeo
788 944 922 1009 obsecro
956 940 1183 1022 considerate,
1220 949 1254 1003 et
1285 939 1310 1002 si

175 1027 308 1114 angelus
342 1029 437 1091 etiam
471 1027 512 1090 de
539 1027 628 1092 caelo
658 1027 759 1110 aliter,
789 1050 886 1113 quam
914 1024 1182 1109 euangelizatum
1214 1033 1267 1087 est
1294 1044 1311 1085 a

175 1114 260 1193 Deo,
290 1112 561 1197 euangelizaverit
590 1111 693 1194 vobis,
722 1133 786 1175 non
816 1111 979 1192 attendite,
1009 1109 1088 1195 quia
1117 1107 1196 1173 talis
1222 1110 1312 1171 iuxta

10 1214 42 1255 ef.
53 1213 134 1261 (ta-1.
144 1212 194 1260 aa
220 1196 389 1260 ostolicam
421 1195 508 1260 beati
540 1195 633 1259 Pauli
665 1197 898 1275 auctoritatem,
935 1216 993 1279 per
1031 1215 1132 1278 quem
1167 1191 1312 1279 loquitur

175 1219 336 1362 Christus,
359 1289 517 1364 perpetuo
540 1279 730 1344 maledictus
753 1291 801 1344 est
822 1279 1036 1343 anathemate.

262 1365 309 1433 16.
345 1365 432 1427 Ecce
454 1365 550 1446 enim,
573 1373 609 1426 ut
631 1384 728 1449 saepe
750 1362 873 1427 dictum
895 1373 975 1442 est1,
999 1382 1096 1424 omne
1120 1361 1214 1446 quod
1238 1361 1310 1423 irre·

174 1446 392 1532 prehensibile
425 1455 474 1510 est
512 1445 670 1511 catholica
697 1447 833 1512 ecclesia
863 1446 1043 1525 defendit²,
1077 1443 1227 1530 ideoque
1261 1441 1311 1506 vel

174 1531 367 1595 Zachariam
397 1531 449 1595 vel
479 1530 679 1615 Stephanum
709 1532 871 1594 Romanos
901 1528 1071 1615 pontifices
1101 1550 1166 1613 pro
1197 1529 1310 1592 merito

174 1637 252 1679 suae
273 1615 439 1700 religionis
461 1626 493 1679 et
506 1616 660 1680 virtutum
677 1614 830 1696 defendit,
852 1635 989 1761 pluorum
1011 1620 1139 1693 neuter,
1164 1622 1205 1676 ut
1227 1621 1311 1676 certo

174 1701 304 1781 scimus,
322 1700 541 1784 Francigenas
560 1722 579 1762 a
595 1700 773 1763 iuramento
795 1698 858 1762 fide
873 1699 957 1762 'tatis
980 1718 1070 1779 suae,
1095 1717 1201 1780 quam
1217 1694 1312 1760 alicui

175 1784 400 1869 promisissent
421 1783 500 1867 regi,
522 1781 671 1863 absolvit,
695 1783 780 1845 sicut
795 1781 988 1846 Hildebrant
1009 1800 1100 1865 papa
1124 1781 1263 1865 scripsit
1283 1786 1312 1843 et

174 1867 384 1952 praedicavit,
413 1875 450 1930 ut
480 1865 536 1930 tali
565 1867 715 1952 exemplo
746 1865 969 1950 deciperentur
1001 1864 1109 1948 princi
1138 1886 1176 1927 es
1211 1863 1310 1948 regni,

176 1951 267 2035 quasi
298 1952 368 2034 ipse
395 1960 505 2035 posset
534 1948 701 2014 absolvere
731 1971 786 2013 eos
813 1970 833 2010 a
862 1958 1063 2013 sacramento
1121 1947 1190 2029 dei,
1216 1968 1311 2033 quam

174 2035 359 2097 iuraverant
379 2035 448 2119 regi
471 2055 529 2097 suo
551 2035 586 2096 in
608 2034 737 2097 nomine
759 2033 902 2113 Domini,
930 2030 1104 2096 intendens
1136 2054 1217 2095 eum
1244 2053 1311 2116 per-

82 2106 250 2193 (xvurinde
273 2139 292 2179 a
314 2139 415 2201 regno
439 2118 562 2202 privari
583 2125 679 2201 atque
701 2116 830 2202 deponi.
876 2115 971 2195 Quod
994 2138 1070 2180 cum
1093 2137 1157 2200 per
1189 2115 1252 2179 hos
1276 2114 1312 2178 14

53 2263 72 2302 Ρ
142 2263 155 2302 b
175 2209 232 2264 aut
253 2221 292 2263 eo
314 2200 454 2285 amplius
476 2221 579 2263 annos
601 2201 785 2284 frequenter
806 2208 994 2283 temptatum
1018 2200 1071 2280 sit,
1095 2199 1142 2262 ad
1158 2200 1312 2262 effectum

73 2272 163 2373 {3133
175 2294 285 2348 tamen
306 2284 477 2367 pervenire
498 2304 564 2345 non
579 2286 694 2367 potuit,
717 2285 879 2368 quoniam,
901 2292 937 2346 ut
956 2282 1128 2346 Salomona
1145 2285 1211 2347 ait:
1236 2283 1311 2346 Non

175 2377 222 2431 est
252 2368 429 2450 sapientia,
456 2387 524 2429 non
553 2375 599 2428 est
618 2365 795 2450 fortitudo,
824 2389 891 2430 noa
919 2376 963 2430 est
990 2367 1172 2431 consilium
1196 2376 1313 2431 contra

175 2452 366 2513 Dorticum.
410 2448 499 2530 Ergo
532 2447 739 2513 Hilderichus
768 2471 832 2513 non
860 2473 905 2531 re,
933 2448 989 2512 sed
1016 2449 1156 2514 nomine
1186 2459 1311 2514 tantum

174 2529 344 2614 regnabat,
367 2533 520 2616 quoniam
542 2529 630 2615 apud
646 2533 783 2597 maiores
799 2534 912 2597 domus
933 2542 1002 2598 tota
1024 2532 1206 2619 dispositio
1222 2533 1313 2618 regni

175 2626 208 2680 et
230 2622 297 2677 tota
318 2623 460 2698 potestas
482 2617 575 2698 regni
597 2625 674 2696 erat,
719 2616 783 2680 uod
804 2618 850 2681 ita
870 2617 941 2681 fieri
971 2616 1085 2680 divina
1107 2617 1313 2702 dispensatio

174 2698 273 2781 longe
307 2705 381 2760 ante
415 2697 629 2762 ordinaverat.
714 2721 766 2762 am
792 2701 978 2764 Lodovicus
1012 2701 1082 2764 sive
1113 2701 1313 2774 Olodovcus‚

175 2780 311 2864 gloriosi
339 2781 425 2863 regis
447 2779 629 2865 Dagoberti
655 2781 750 2864 filius,
780 2782 869 2847 disco
899 2785 1050 2869 operiens
1077 2806 1205 2871 corpus
1229 2784 1314 2849 beati

176 2863 330 2947 Dionysii
354 2866 514 2947 martyris,
540 2865 709 2928 brachium
737 2867 805 2930 eius
836 2867 942 2951 fregit,
972 2869 1083 2930 statim
1107 2869 1313 2954 stupefactus

175 2949 210 3010 in
232 2948 407 3010 amentiam
428 2947 543 3011 incidit
564 2958 597 3011 et
618 2968 682 3010 non
698 2949 919 3033 postmultum
939 2952 1097 3034 temporis
1113 2954 1222 3017 vitam
1241 2974 1313 3016 cum

175 3051 278 3114 regno
300 3030 435 3096 finivit³.
467 3030 570 3095 Cuius
593 3035 823 3118 praesumptio,
846 3054 910 3120 qua
931 3035 965 3096 in
987 3044 1144 3099 sanctum
1160 3037 1230 3101 Dei
1269 3056 1314 3101 ec-

175 3124 315 3194 caverat,
338 3115 372 3175 in
394 3125 540 3212 posteros
564 3134 693 3199 quoque
714 3117 915 3200 redundavit,
938 3119 1105 3202 quoniam,
1130 3121 1218 3185 sicut
1241 3060 1315 3205 ligi-

175 3210 229 3264 tur
255 3197 289 3259 in
318 3195 425 3260 Gestis
456 3198 658 3260 Francorum
668 3207 691 3277 ⁴,
718 3201 835 3264 exinde
863 3200 998 3265 diversis
1025 3210 1129 3286 atque
1152 3204 1317 3288 pestiferis

174 3279 307 3344 casibus
337 3300 472 3362 regnum
499 3279 699 3342 Francorum
729 3283 879 3347 concidit.
922 3286 1105 3368 Postquam
1136 3289 1229 3351 euim
1254 3288 1316 3352 duo

173 3362 235 3425 filii
261 3362 330 3424 eius
360 3362 453 3443 regni
482 3381 694 3441 successores,
718 3364 877 3429 Olotarius
899 3366 1024 3432 scilicet
1045 3380 1151 3457 atque
1176 3372 1317 3437 Hilderi-

175 3444 269 3522 chus,
290 3445 323 3505 in
346 3445 514 3527 primaeva
536 3452 641 3507 aetate
665 3448 836 3530 perierunt,
865 3472 948 3513 unus
971 3456 1144 3518 communi
1170 3459 1316 3520 omnium

176 3535 282 3588 morte
311 3525 493 3605 defunctus,
521 3525 602 3590 alter
630 3539 759 3612 propter
786 3553 911 3595 morum
938 3535 1154 3602 insolentiam
1178 3544 1318 3620 occisus,

176 3607 403 3670 Theodoricus
439 3610 552 3671 tertius
594 3607 692 3672 frater
727 3612 836 3678 multis
872 3615 1132 3686 adversitatibus
1174 3635 1208 3689 et
1246 3633 1319 3688 ante

176 3709 316 3784 regnum
340 3698 372 3750 et
392 3689 424 3749 in
446 3711 546 3774 regno
569 3699 620 3753 est
641 3691 794 3779 afflictus3
817 3699 908 3762 cuius
923 3700 1028 3764 maior
1051 3703 1189 3789 domus,
1213 3708 1249 3772 id
1274 3719 1319 3773 est

177 3790 331 3868 provrsor
352 3769 473 3854 palatii,
500 3773 601 3835 immo
624 3773 758 3840 violator
780 3780 900 3864 palatii,
923 3785 1033 3849 extitit
1055 3789 1199 3872 quidam
1216 3793 1320 3857 Ebro·

177 3851 276 3950 musb
298 3863 455 3937 apostata,
486 3856 541 3940 qui
562 3857 647 3919 inter
668 3857 730 3920 alia
750 3864 930 3945 tyrannidis
952 3889 1030 3932 suae
1053 3879 1087 3934 et
1111 3876 1320 3943 crudelitatis

178 3934 325 3998 faemore
354 3945 499 4000 sanctum
527 3938 763 4022 Leodegarium
793 3949 983 4032 episcopum
1016 3962 1049 4016 et
1079 3955 1223 4024 fratrem
1253 3963 1321 4025 eius

180 4073 205 4126 a)
223 4073 335 4116 Salomon
351 4079 371 4116 1.
460 4078 484 4128 b)
500 4080 617 4120 Ebronius
635 4083 655 4120 1.

183 4167 214 4233 1)
242 4167 283 4216 Oi.
310 4184 333 4218 c.
354 4170 396 4219 13.
488 4170 516 4236 2)
543 4172 695 4221 Marcellini
720 4180 833 4240 epistula
858 4182 896 4244 II,
922 4198 947 4234 c.
966 4186 993 4249 3,
1021 4189 1181 4250 Hinschius
1210 4220 1238 4268 p.
1261 4203 1323 4253 222.

181 4238 587 4380 {grffi'stgolssppppelrpgessgqs
614 4245 791 4312 sanquali,
811 4253 874 4304 sao.
949 4256 979 4322 4)
1001 4259 1215 4337 centaretum
1238 4277 1323 4326 urau-
