2812 4814
255 348 309 398 ni:
327 347 485 400 UNITATE
504 348 706 401 Ecchnsliu
728 349 1002 402 consentinos.
1140 351 1191 400 143

72 523 142 575 ribus
166 521 252 575 etiam
276 523 447 588 quorundam
470 523 637 575 sacerdotum
661 524 743 576 corda
770 523 943 589 consentiunt,
971 525 1020 588 oet,
1048 532 1078 574 ut
1102 524 1193 577 mitius

73 594 191 659 ticina,
218 612 277 647 non
301 594 436 647 resistunt.
475 596 537 659 Qua
559 597 720 649 conscientia
745 599 869 651 bonorem
887 598 938 651 sibi
955 597 1097 650 sacerdotii
1111 615 1193 665 prae·

73 667 163 742 stilum·
175 667 334 732 vendicant,
353 669 401 736 qui
415 686 467 736 pro
485 670 626 722 animabus
644 670 695 722 sibi
714 671 819 722 creditis
838 691 892 723 non
911 671 1054 724 taiormtt
1086 672 1194 725 Bestiae

73 743 188 806 irruam,
216 751 242 794 et
268 740 358 794 osium
382 750 458 808 septa
475 761 529 795 non
547 745 686 797 claudunt.
725 744 812 797 Fures
830 745 1004 811 insidiantur,
1024 755 1048 798 et
1067 746 1193 799 asabias

73 835 123 869 non
136 816 334 884 praetendunt.
363 815 452 869 Morbi
470 818 643 881 crebrescunt,
659 827 683 870 et
696 818 813 870 remedia
832 820 908 869 nulla
922 819 1098 886 prospiciunt.
1129 819 1194 871 biom

74 897 159 942 autem
178 888 252 941 iliud
272 889 386 955 addunt,
405 899 434 943 ut
452 891 492 944 ltis
511 892 558 958 qui
579 891 715 944 sollicitius
739 898 823 959 ayunt
842 892 986 944 consentire
1010 894 1151 945 detrectent
1170 901 1194 945 ιι

73 963 275 1030 impietatibus¹
293 963 355 1014 olim
373 969 425 1016 toto
443 966 505 1018 orbe
524 959 680 1017 damnatisb
706 964 941 1029 subscriptionibus
964 966 1020 1016 suis
1039 967 1193 1018 anatliema-

75 1039 156 1089 tisare
168 1035 347 1101 dissimulent,
367 1038 432 1103 quid
450 1038 483 1090 de
502 1056 530 1091 se
547 1039 660 1108 intellipi
677 1039 778 1102 uolunt,
796 1037 851 1090 nisi
869 1040 940 1104 quod
951 1045 1025 1090 ιιιιιο
1038 1038 1071 1090 de
1084 1056 1192 1091 numero

69 1121 199 1186 scaram,
218 1121 267 1172 sed
284 1121 318 1172 de
334 1129 411 1186 panc
429 1122 483 1172 itm
501 1122 633 1173 hostium?
669 1105 713 1169 Et
734 1109 850 1170 iterum
872 1105 978 1171 idem¹
1009 1107 1064 1192 qui
1085 1128 1192 1191 supra,

74 1187 198 1253 scilicet
211 1187 280 1253 Leo
295 1209 395 1274 papa:
418 1205 481 1257 Non
499 1204 532 1256 sit
545 1206 689 1272 pervenis,
709 1190 822 1274 inquit,
844 1206 963 1269 liberum,
981 1206 1107 1257 simulare
1122 1205 1194 1270 quod

69 1279 185 1347 finpant,
213 1295 248 1330 ne
275 1277 325 1328 sub
353 1279 482 1332 uelamine
509 1278 623 1331 norninis
650 1279 789 1332 christiani
821 1281 984 1332 decretorum
1015 1277 1194 1345 imperialium

76 1361 177 1405 statuta
201 1351 334 1404 declinent
341 1369 351 1414 ,⁶
375 1352 441 1418 quia
462 1352 522 1405 ideo
547 1355 584 1404 ad
608 1354 763 1405 catholicam
782 1352 917 1407 ecclesiam
936 1371 994 1405 cum
1012 1360 1088 1405 tanta
1107 1352 1195 1404 cordis

77 1426 231 1479 diuersitate
250 1425 417 1491 conveniunt,
437 1435 466 1477 ut
484 1444 549 1492 quos
564 1427 668 1493 possint
686 1428 864 1495 suosfaciant
883 1434 906 1480 ιι
921 1429 1006 1496 lepum
1021 1427 1193 1488 serentatem,

76 1509 141 1561 dum
169 1524 198 1561 se
225 1516 330 1560 nostros
358 1510 529 1574 mentiuntur,
557 1508 695 1578 effupiant.
743 1496 835 1561 Sicut
867 1497 953 1560 enim
985 1496 1032 1560 ait
1063 1506 1194 1560 sanctus

76 1576 316 1661 Augustinus²t
344 1589 451 1643 Inimici
474 1591 571 1645 cunin
594 1593 633 1644 ita
657 1595 781 1659 sentiunt,
807 1596 911 1646 nullum
932 1595 984 1646 sibi
1008 1613 1063 1648 esse
1085 1596 1194 1660 pondus

78 1667 244 1718 auctoritatis
271 1666 309 1717 ad
332 1664 499 1717 suadendum
523 1668 595 1733 quod
615 1664 777 1733 profertur<³
802 1675 894 1719 contra
918 1667 1065 1720 docuinam
1089 1667 1194 1730 Obristi,

79 1750 162 1802 dim⁶
180 1748 205 1800 st
223 1766 279 1800 non
297 1743 411 1800 habnt!
430 1765 524 1801 nomm
547 1749 650 1802 Christi.
691 1735 744 1798 De
771 1743 875 1798 cetero
900 1735 993 1798 Deus
1012 1739 1321 1821 patientiaencmn,

29 1822 33 1889 j
80 1817 589 1964 etsolatiidetoobis,[ratres,
611 1818 778 1902 idipsum
801 1841 917 1904 sapere
943 1822 979 1883 in
1003 1818 1195 1884 alterutrum
1235 1819 1285 1861 Μ·

29 1918 32 1949 t
80 1902 257 1967 secundum
285 1902 394 1964 Iesum
419 1901 446 1968 C
465 1904 591 1982 ristun,
619 1911 656 1965 ut
677 1904 852 1967 unanimes
873 1926 939 1968 uno
962 1924 1016 1967 ore
1038 1903 1194 1984 bonorifi-

29 1990 31 2027 :
80 1987 154 2051 cetis
176 1987 286 2050 Deum
313 1994 341 2050 et
365 1985 495 2050 Putrem
520 1987 647 2052 donini
675 1988 781 2051 nostri
807 1989 883 2052 Iesu
908 1987 1039 2066 Christi,
1069 1987 1121 2049 eui
1148 1994 1197 2049 est

78 2067 180 2136 honor
201 2080 234 2135 et
255 2068 358 2154 gloria
378 2070 412 2132 in
434 2069 561 2135 saecula
582 2072 795 2136 saeculorum.
838 2072 955 2136 Amen.

531 2255 666 2320 LIBER
686 2256 747 2320 III.

153 2367 178 2417 1.
207 2365 283 2416 Deus
301 2365 390 2431 itaque
408 2381 526 2415 summus
544 2371 569 2416 ct
587 2381 666 2416 uerus
685 2382 744 2417 cum
761 2365 843 2418 Verbo
862 2383 910 2417 suo
929 2372 953 2415 et
972 2361 1077 2429 Spiritu
1096 2367 1195 2427 sancto,

81 2455 148 2505 quae
175 2441 230 2490 tria
254 2455 337 2490 unum
360 2445 432 2503 sunt,
457 2438 532 2490 Deus
551 2455 631 2503 unus,
654 2440 816 2505 omnipotens
841 2447 865 2492 ιι
874 2441 969 2506 factor
987 2436 1071 2489 omnis
1091 2436 1197 2490 amimae

81 2519 157 2580 atque
175 2511 261 2565 omnis
279 2513 405 2578 corporis,
424 2511 499 2563 cuius
518 2521 579 2564 sunt
592 2513 801 2581 participatione
813 2514 945 2580 felicest,·
969 2512 1016 2578 qui
1027 2511 1096 2578 fecit
1114 2511 1197 2563 bomi-

80 2603 136 2639 nem
154 2586 288 2638 rationale
308 2586 411 2637 animal
431 2602 464 2638 ea
484 2586 575 2638 anima
594 2596 619 2638 et
637 2605 753 2654 corpore,
772 2589 820 2655 qui
837 2606 896 2641 eum
910 2595 1064 2654 peccantem
1081 2603 1129 2637 nec
1148 2584 1197 2636 im-

76 2661 202 2726 punitum
217 2675 273 2712 esse
280 2658 404 2725 permitit
421 2677 469 2711 nec
487 2660 544 2712 sine
562 2661 746 2713 misericordia
758 2662 906 2729 dereliquit,
925 2661 972 2727 qui
990 2660 1064 2713 bonis
1082 2667 1107 2711 et
1118 2659 1197 2711 malis

81 2733 218 2786 etiamtiam
241 2733 320 2785 etiam
345 2751 404 2784 cum
428 2733 574 2798 lapidibus,
600 2734 682 2784 uitam
700 2735 851 2786 seminalem
869 2753 927 2787 oum
947 2735 1095 2798 arboribus,
1115 2733 1198 2784 vitam

82 2809 229 2860 sensualem
253 2807 333 2858 etiam
355 2823 415 2858 cum
438 2805 584 2871 pecoribus,
610 2806 692 2857 uitam
715 2807 916 2859 intellectualem
936 2825 994 2859 cum
1013 2808 1075 2859 solis
1095 2806 1197 2876 anpelis

83 2879 161 2944 dedit,
188 2898 207 2930 a
231 2897 282 2946 quo
308 2887 345 2932 ιιι
370 2877 454 2931 omnis
477 2879 580 2942 modus,
605 2879 689 2930 omnis
714 2881 821 2944 species,
844 2879 928 2932 omnis
952 2881 1026 2944 ordo,
1052 2898 1071 2929 a
1088 2898 1140 2946 quo
1160 2889 1199 2932 est

82 2971 214 3018 munura,
241 2970 376 3018 ninnerus,
395 2953 514 3018 pondus,
541 2969 558 3002 a
582 2968 632 3018 quo
658 2960 695 3003 cst
720 2953 847 3018 quioquid
864 2953 1026 3005 naturaliter
1043 2960 1090 3015 est,
1109 2953 1198 3005 cuius·

83 3045 184 3096 cunque
205 3027 309 3094 pencris
332 3035 379 3091 est,
398 3026 535 3078 cuiuslibet
558 3025 747 3077 aestimationis
767 3034 813 3090 est,
841 3044 858 3077 a
876 3043 927 3091 quo
943 3033 1005 3076 sunt
1022 3025 1125 3077 semina
1135 3027 1198 3092 for·

83 3119 195 3164 martem,
214 3102 309 3167 forma
333 3101 470 3162 seminum,
495 3107 579 3150 motus
598 3099 727 3151 seminum
746 3108 823 3166 atque
833 3101 999 3168 formarum,
1017 3097 1065 3165 qui
1082 3098 1155 3150 dedit
1175 3107 1199 3150 et

83 3176 158 3228 carni
170 3175 306 3242 oripinem,
314 3174 550 3240 pulchritudinem,
562 3173 751 3237 ualetudinem,
766 3171 970 3240 propapationis
977 3171 1201 3240 foecunditatem

83 3249 255 3302 membrorum
267 3246 471 3315 dispositionem,
491 3242 603 3299 salutem
615 3244 780 3310 concordiae,
800 3247 846 3312 qui
864 3254 888 3298 ιι
901 3245 1006 3298 animae
1018 3242 1200 3297 irrationabili

83 3323 235 3374 memoriam
259 3322 340 3386 dedit,
364 3337 478 3385 sensum,
504 3321 657 3386 appetitum,
680 3319 811 3371 rationali
835 3329 923 3372 autem
947 3320 1057 3386 insuper
1079 3323 1198 3381 mentem,

54 3442 57 3446 Α
82 3394 289 3462 intellipentiam,
308 3396 477 3458 uoluntatem,
496 3393 616 3461 quinon
634 3395 718 3445 solum
737 3395 839 3446 caelum
863 3402 886 3446 ιι
910 3400 1017 3457 terram,
1041 3408 1088 3444 nec
1113 3391 1199 3442 solum

85 3471 206 3537 anpelum
224 3474 249 3519 et
267 3469 404 3533 hominem,
424 3470 471 3521 sed
489 3486 535 3520 nec
554 3467 644 3536 cuipui
662 3474 687 3519 et
705 3468 903 3534 contemptibilis
924 3466 1067 3518 animantis
1086 3465 1200 3527 uiscera,

83 3561 129 3596 nec
148 3542 207 3593 auis
221 3544 369 3606 pennulam
387 3559 435 3594 nec
454 3543 550 3594 herbae
561 3542 703 3610 flosculum
721 3559 769 3594 nec
785 3541 888 3594 arboris
898 3539 1000 3609 solium
1018 3539 1076 3590 sine
1088 3553 1199 3589 suarum

79 3617 200 3682 partium
225 3617 405 3668 nnuenientia
430 3623 454 3668 ιι
472 3617 590 3682 quadam
609 3616 690 3668 veluti
703 3632 772 3681 pace
790 3614 942 3683 dereliquit:
970 3612 1011 3665 bic
1029 3611 1102 3663 nullo
1121 3611 1201 3661 modo

85 3699 121 3741 ιιι
141 3687 288 3741 credendus
307 3707 390 3757 repna
409 3689 550 3753 bominum,
570 3707 659 3742 eorum
678 3689 871 3743 dominationes
890 3695 914 3742 ιι
931 3685 1068 3741 servitutes
1091 3702 1109 3735 a
1133 3700 1199 3735 suae

81 3769 268 3838 prouidentiae
281 3770 380 3839 lepibus
397 3770 499 3822 alienas
515 3787 570 3823 esse
581 3771 705 3837 coluisse,
722 3757 805 3822 sicut
819 3755 933 3821 scribit
943 3764 1073 3820 sancus
1087 3750 1199 3835 Augu·

82 3964 105 4016 s)
121 3963 254 4014 impietates
270 3964 321 4004 Leo.
394 3960 418 4014 b)
440 3963 559 4004 damnatos
573 3964 624 4005 Leo.
698 3963 721 4016 c)
741 3966 773 4005 tta
788 3965 844 4014 Lec,·
867 3965 923 4004 deest
939 3966 961 4006 1.
1031 3963 1055 4017 d)
1078 3960 1200 4013 proferunt

83 4024 139 4074 Auo.
209 4020 231 4073 e)
247 4023 302 4062 deest
317 4021 373 4070 Auo.
442 4023 559 4073 tihabest
573 4024 630 4074 Auo.
696 4023 719 4074 ς)
736 4025 812 4063 desunt
827 4023 892 4064 uerba
908 4022 1039 4074 Aupustini:
1059 4022 1202 4072 quicumque

82 4087 136 4124 sunt
150 4081 256 4134 veritate,
271 4093 319 4122 non
334 4081 437 4122 vinnan
451 4082 541 4124 teliaci.

83 4244 174 4369 3113
196 4257 219 4292 o.
246 4237 356 4360 po595.
432 4242 462 4311 ι)
486 4245 608 4309 August,
633 4244 676 4294 Do
702 4259 833 4295 consensu
854 4242 976 4309 euangel.
992 4243 1039 4295 lib.
1058 4242 1082 4307 1,
1109 4239 1201 4308 Opera

131 4353 137 4378 i
176 4333 229 4382 ›P-
285 4345 292 4360 ·
1191 4340 1195 4349 ¹
