2812 4830
249 307 299 357 DE
319 306 477 358 UNITATE
497 306 701 358 succesus
723 307 998 361 CONSERVANDA.
1131 311 1183 362 14⁶

62 498 164 561 neque
197 497 260 558 per
295 475 463 558 epistolam
493 484 652 560 tanquam
672 497 739 560 per
770 500 830 541 nos
862 480 1004 557 missam,
1036 479 1304 559 scienteasmsss.

64 560 223 645 quomodo
252 568 398 643 oporteat
426 581 482 622 cos
511 562 701 623 conversari
733 562 770 623 in
804 563 896 625 domo
923 562 998 642 Dei,
1027 585 1110 646 quae
1137 555 1275 626 θείω·

61 643 197 708 ecclesia
213 644 279 708 Dei
300 645 377 724 vivi,
401 643 552 707 columna
575 644 855 725 etfirmamentam
870 647 1018 710 veritatis
1032 656 1061 708 et
1074 649 1181 710 mani·
1194 669 1344 723 ammaus.

52 727 163 813 festae
185 750 342 811 mapnum
365 737 606 791 sacramentum
622 730 769 812 pietatis.
806 728 954 794 Ecclesia
977 729 1098 814 quippe
1118 730 1183 793 Dei

61 812 180 875 dicitur
194 810 344 875 columna
365 811 398 873 in
421 811 470 874 bis
492 832 572 892 esse,
617 812 650 874 ui
666 810 790 876 scilicet
803 813 960 877 firmiores
983 834 1055 876 eum
1071 812 1183 877 eodem

60 895 209 982 apostolo
231 895 332 960 Paulo
355 893 458 959 solent
479 833 713 960 imbecillitates
739 896 938 960 infirmorum
962 898 1128 979 sustinere,
1151 899 1183 960 in

61 979 181 1066 quibus
204 991 253 1044 est
282 980 377 1044 etiam
400 979 636 1044 firmamentum
658 980 810 1062 veritatis,
835 983 911 1066 quia
932 983 1100 1045 veritatem
1120 984 1184 1068 ipsi

61 1062 224 1148 euangelii
246 1064 438 1128 confirmant
458 1062 566 1128 verbis
589 1074 621 1128 et
641 1063 813 1128 miraculis.
852 1064 916 1129 Sed
939 1086 1093 1149 magnum
1116 1067 1184 1151 qui-

61 1148 133 1214 dem
165 1157 400 1212 sacramentum
433 1149 561 1232 pietatis
593 1150 663 1234 ipsa
697 1146 815 1213 dicitur
841 1148 986 1230 ecclesia,
1021 1151 1182 1235 quoniam,

60 1241 231 1298 attestante
260 1231 452 1315 beatoiob,
478 1235 589 1317 pietas
618 1243 664 1296 est
689 1235 866 1315 sapientia,
893 1233 1052 1297 abstinere
1076 1243 1242 1302 autemus.
1254 1260 1337 1314 ss,ss.

61 1341 82 1379 a
111 1317 210 1387 malis
240 1327 285 1380 est
312 1319 458 1381 seientia.
502 1317 611 1381 Pietas
638 1317 768 1401 quippe,
797 1339 879 1402 quae
909 1326 957 1380 est
976 1317 1041 1382 Dei
1067 1316 1181 1397 cultus,
1268 1387 1271 1393 ,

60 1400 188 1465 Graece
217 1401 334 1464 dicitur
362 1400 536 1483 theosebia,
563 1403 714 1487 quoniam
737 1399 779 1465 ad
801 1399 971 1465 colendum
992 1401 1101 1466 Deum
1123 1401 1182 1465 soli

59 1483 217 1550 ecclesiae
248 1486 402 1569 competit
427 1486 539 1570 religio
566 1495 677 1549 sancta
698 1494 803 1584 atque·
822 1507 965 1570 syncera.
1011 1485 1075 1550 Sed
1099 1487 1183 1550 sicut

60 1569 174 1634 scribit
196 1569 397 1654 Augustinus
422 1572 455 1632 in
481 1569 563 1633 libro
586 1568 626 1633 de
647 1590 725 1634 vera
747 1568 937 1654 rehgione1:
963 1583 1049 1635 Paria
1074 1585 1181 1651 quidem

60 1667 229 1711 sacramenta
248 1660 379 1711 celebrant
398 1658 512 1724 heretici,
533 1659 654 1725 quamuis
674 1659 803 1711 scatentia
822 1659 944 1726 dispares
963 1658 1024 1720 sint,
1044 1659 1098 1723 qai,
1118 1660 1182 1710 dam

58 1750 163 1784 errores
188 1750 251 1784 suos
279 1733 424 1785 animosius
443 1733 586 1798 defendere
612 1749 692 1798 quam
712 1731 816 1783 cautius
836 1733 965 1799 corripere
984 1732 1116 1794 malausa,
1137 1748 1182 1783 ea-

61 1807 130 1857 clusi
148 1824 166 1856 a
186 1807 316 1857 catholica
335 1807 514 1858 communione
533 1815 557 1856 et
577 1824 595 1856 a
603 1805 811 1871 participatione
830 1806 952 1872 quamvis
960 1805 1072 1870 parium
1090 1823 1182 1856 sacra·

58 1889 215 1944 mentorum,
230 1880 346 1945 propria
365 1880 495 1932 vocabula
508 1879 685 1945 propriosque
704 1888 846 1930 conuentus
864 1897 918 1929 non
937 1879 966 1928 in
984 1895 1102 1929 somnone
1121 1886 1182 1929 tan-

59 1972 124 2027 tam,
150 1963 198 2014 sed
223 1963 302 2013 etiam
327 1961 510 2028 superstitione
535 1969 688 2025 merentur„
702 1969 732 2011 ut
754 1954 931 2011 Pisotinr'anib
957 1967 981 2010 et
999 1958 1120 2023 Arriani,
1149 1956 1182 2009 et

60 2032 116 2115 qui
137 2031 254 2094 nostris
269 2030 467 2114 temporibus
482 2041 681 2093 emerserunt
695 2030 846 2109 Paterini,
868 2028 909 2091 de
930 2027 1047 2112 quibus
1066 2036 1180 2111 postea

59 2125 191 2178 sumus⁰
214 2114 341 2178 dicturi.
376 2113 459 2178 Sunt
478 2121 584 2176 autem
606 2113 828 2176 sacramentad
850 2111 989 2175 chrisma
1009 2120 1041 2174 et
1060 2132 1178 2197 corpus
1189 2132 1244 2186 (111)

59 2209 92 2263 et
114 2199 254 2283 sanguis,
278 2220 360 2283 quae
386 2198 427 2263 cb
450 2196 485 2260 id
506 2205 704 2261 sacramenta
727 2197 886 2277 dicantur,
918 2196 994 2281 quia
1021 2195 1079 2260 sub
1101 2197 1181 2280 tegi·

60 2294 168 2347 mento
191 2280 404 2366 corporalium
425 2303 532 2345 rerum
548 2283 649 2345 virtus
671 2284 825 2345 secretius
848 2278 981 2344 salutem
1005 2280 1180 2344 eorundem

60 2376 335 2431 sacramentorum
363 2373 522 2450 operatur.
566 2364 661 2429 Unde
689 2375 722 2429 et
743 2386 762 2427 a
784 2365 914 2430 secretis
935 2361 1108 2427 virtutibus
1129 2363 1181 2429 vel

58 2472 80 2512 a
108 2452 208 2514 sacris
240 2460 439 2514 sacramenta
471 2449 630 2531 dicuntur,
664 2471 746 2534 quae
779 2448 852 2513 ideo
884 2449 1049 2511 fructuose
1081 2470 1179 2533 penes

58 2533 230 2600 ecclesiam
259 2536 350 2614 fiunt,
381 2535 457 2620 quia
479 2543 608 2597 sanctus
634 2533 668 2596 in
690 2556 728 2597 ea
750 2555 882 2598 manens
906 2532 1045 2616 Spiritus
1068 2554 1180 2596 eorun-

58 2619 133 2684 dem
164 2632 436 2683 sacramentorum
468 2618 617 2683 effectum
640 2617 774 2682 latenter
796 2629 961 2703 operatum
988 2627 1085 2715 atque
1107 2616 1180 2682 ideo

57 2725 119 2768 nec
142 2702 297 2768 bonorum
322 2703 443 2767 meritis
466 2701 724 2787 dispensatorum
748 2702 828 2766 haec
843 2701 928 2766 dona
942 2699 1180 2786 amplificantur

59 2810 119 2852 nec
145 2787 301 2851 malorum
329 2796 543 2868 attenuantur,
574 2808 656 2872 quae
688 2787 834 2850 vivificat
866 2785 1005 2870 Spiritus
1039 2795 1179 2866 sanctus,
1394 2854 1397 2859 ,

59 2872 136 2958 quia
169 2896 271 2958 neque
300 2873 359 2956 qui
382 2871 517 2955 plantat
545 2893 647 2954 neque
676 2872 734 2954 qui
761 2873 852 2956 ripat
879 2869 1009 2953 aliquid
1038 2878 1093 2949 est,
1122 2871 1334 2934 sedassent.
1393 2934 1396 2939 .

58 2959 118 3042 qui
143 2959 375 3021 incrementum
397 2956 455 3019 dat
477 2955 577 3018 Deus.
621 2953 748 3018 Horum
770 2955 856 3019 enim
885 2950 1053 3038 quodlibet
1075 2975 1180 3017 sacra·
1405 2980 1406 2988 ¹

57 3048 203 3104 mentum
231 3042 258 3105 si
280 3039 389 3105 verbis
418 3036 615 3123 euangelicis
643 3038 676 3101 in
703 3039 833 3102 nomine
856 3036 961 3100 Patris
992 3045 1024 3099 et
1044 3035 1121 3099 Filii
1149 3048 1180 3103 et

59 3123 201 3209 Spiritus
236 3125 339 3188 sancti
374 3120 489 3208 aliquis
523 3122 619 3187 etiam
651 3121 813 3187 hereticus
848 3119 1093 3201 consecraverit,
1126 3119 1180 3185 illa

58 3209 211 3274 sanctitas
233 3208 425 3273 sacramenti
445 3205 553 3271 verbis
575 3205 771 3290 euangelicis
793 3213 980 3271 consecrata
1001 3225 1077 3268 vere
1099 3204 1179 3270 inte·

58 3316 119 3378 gra
146 3292 298 3374 manebit,
330 3292 477 3378 quamvis
506 3290 585 3355 fides
615 3289 699 3354 illius
724 3289 783 3354 sub
806 3290 927 3355 eisdem
957 3285 1064 3352 verbis
1090 3286 1179 3354 aliud

60 3378 192 3462 opinata
221 3399 317 3463 quam
347 3374 506 3439 catholica
526 3375 645 3439 veritas
673 3374 768 3440 docet
795 3397 860 3438 non
889 3374 931 3438 sit
958 3374 1092 3457 integra,
1122 3372 1179 3438 sed

58 3460 213 3526 fabulosis
240 3460 433 3526 falsitatibus
461 3461 637 3544 inquinata.
682 3459 776 3524 Unde
806 3458 1006 3545 Augustinus
1036 3457 1069 3519 in
1095 3455 1177 3522 libro

60 3546 152 3609 cuius
174 3545 285 3610 titulus
309 3555 357 3609 est
379 3543 419 3608 de
436 3545 532 3607 unico
548 3544 745 3628 baptismo²:
770 3557 948 3624 Nostraque,
969 3541 1023 3618 ait,
1045 3555 1105 3607 ideo
1124 3575 1179 3608 non

58 3645 121 3686 sunt
140 3641 308 3686 sacramenta
327 3634 424 3686 Christi
443 3642 467 3685 et
486 3632 617 3699 eeclesiae,
638 3635 702 3700 quia
722 3633 759 3686 eis
777 3632 867 3684 illicite
886 3638 998 3712 utantar
1020 3646 1075 3712 nqn
1094 3631 1179 3683 solum

58 3716 175 3781 heretici,
195 3718 241 3768 sed
266 3716 346 3768 etiam
365 3731 453 3767 omnes
476 3715 564 3782 iniqui
584 3724 608 3769 et
626 3715 703 3782 impii
709 3737 718 3779 5
737 3717 783 3768 sed
796 3724 884 3766 tamen
895 3712 945 3776 itti,
964 3704 1078 3782 lnquli,
1098 3711 1179 3764 corri-

56 3790 140 3858 pendi
164 3797 188 3841 et
203 3789 345 3856 puniendi,
365 3789 414 3840 iila
433 3806 494 3841 uero
515 3791 683 3856 apnosaenda
709 3798 733 3840 et
753 3788 909 3840 ueneranda
928 3796 1004 3849 ssast;
1028 3786 1113 3853 quia³
1131 3802 1179 3837 aec

58 3863 120 3930 ipsa
138 3872 271 3928 ereatura,
295 3881 375 3930 qaam
399 3862 475 3914 Deus
499 3862 625 3925 condidit,
645 3864 718 3914 mala
736 3870 774 3914 est
796 3879 844 3914 nec
868 3860 949 3912 rerba
970 3859 1126 3929 euangelica
1150 3859 1179 3909 in

58 4010 83 4064 a)
105 4012 189 4051 malnis
211 4014 237 4060 ¹3
259 4009 347 4050 Satara.
369 4008 493 4050 emmdaos'a
567 4007 591 4060 b)
613 4009 708 4049 Photini
730 4011 751 4050 1.
827 4007 848 4059 c)
871 4009 942 4048 simus
965 4009 990 4057 13
1021 4007 1082 4048 Gabi.
1099 4006 1178 4046 emend.

59 4068 84 4121 d)
102 4071 231 4120 baptismus
247 4070 296 4110 adt.
313 4068 375 4109 Gala.

62 4200 91 4269 l)
109 4203 150 4254 cf.
161 4202 304 4268 Augustini
319 4200 408 4266 Opera
422 4200 444 4262 Ι,
459 4217 485 4265 p.
497 4198 560 4251 sel.
618 4200 645 4263 2)
663 4199 704 4251 cf.
717 4199 783 4249 ibid.
798 4199 846 4262 IX,
860 4216 886 4264 p.
899 4198 960 4250 531.
976 4199 1038 4249 532.
1086 4199 1113 4261 3)
1131 4197 1179 4249 Sc·

59 4278 172 4343 quentia
190 4277 244 4328 alio
264 4277 326 4326 loco
347 4289 469 4340 quaeras.

894 4353 927 4402 10
