2812 4830
252 367 302 418 DE
322 363 481 416 UNITATE
500 364 704 417 accensum
725 365 1003 420 consulturum.
1160 370 1201 419 53

71 531 337 599 Priscillianistae
373 532 516 612 heretici,
547 533 587 598 de
621 554 756 618 quorum
789 533 979 600 fetidissima
1010 533 1115 599 heresi
1148 537 1195 600 sic

72 619 186 683 scribit
207 616 273 683 Leo
295 638 383 703 papa
401 639 477 682 vere
499 616 618 702 dignus
641 639 806 682 successor
827 619 915 701 Petri
937 619 1090 704 apostoli:
1120 635 1203 686 Nihil

72 724 120 781 est,
140 702 246 787 inquit
256 715 278 783 ¹,
297 715 416 769 sordium
440 715 470 767 in
489 733 705 783 quorumcunque
731 718 851 770 sensibus
869 717 1019 784 inpiorum,
1047 719 1117 783 quod
1142 735 1196 768 non
1293 763 1297 768 .

70 791 101 842 in
120 791 168 843 lice
187 791 284 858 dopna
302 787 464 854 confluxerit,
490 788 617 855 quoniam
635 790 668 842 de
688 792 759 842 omni
778 800 944 843 terrenorum
969 791 1124 857 opinionum
1142 791 1196 841 luto

70 863 243 931 multiplicem
253 861 449 931 faeculentiam
463 863 634 927 miscuerunt,
654 871 684 914 ut
696 865 746 916 soli
765 873 847 916 toturn
865 865 989 927 biberent,
1008 865 1135 995 guirpuid
1148 862 1202 914 alii

72 963 106 998 ac
121 955 202 1012 pern
220 953 385 1014 putassem,-
405 932 460 1015 qui
479 929 592 995 dicunt
612 931 695 996 inter
710 943 825 1012 cetera,
848 932 934 1016 quod
956 931 1009 995 dia
1033 929 1102 995 clus
1117 953 1196 994 nun-

97 1036 172 1077 uam
194 1013 291 1078 fuerit
313 1013 427 1096 bonus,
450 1024 482 1079 et
496 1013 583 1100 quod
604 1037 669 1079 non
691 1015 733 1080 sit
746 1015 887 1079 officium
903 1015 967 1079 Dei
988 1025 1103 1080 natura
1118 1015 1197 1079 eius.

73 1035 141 1163 ded
165 1095 358 1162 Hildebrant
380 1109 412 1162 et
433 1099 579 1184 episcopi
601 1100 670 1163 eius
691 1099 785 1165 iactis
808 1100 937 1186 quidem
959 1110 1089 1182 negant,
1112 1120 1196 1163 erea-

72 1193 180 1248 turam
203 1181 267 1246 Dei
289 1181 452 1245 hominem
474 1181 592 1247 bonam
616 1205 695 1263 esse,
719 1206 814 1270 quem
837 1182 959 1247 scilieet
981 1183 1143 1246 hominem
1161 1183 1197 1246 in

72 1275 200 1332 tantum
222 1265 405 1350 despiciunt
426 1267 460 1328 in
481 1289 567 1352 rege,
591 1275 626 1330 ut
648 1268 853 1353 episcopatus
882 1288 957 1331 suos
979 1265 1199 1354 relinquentes

73 1360 106 1416 et
121 1371 233 1415 curam
247 1352 428 1414 animarum
451 1351 514 1414 sibi
536 1350 732 1415 creditarum
754 1352 954 1436 negligentes
975 1351 1100 1436 fugiant
1122 1373 1195 1415 eum

72 1434 195 1516 videre,
225 1455 298 1498 cum
321 1456 399 1498 vera
419 1433 510 1517 fides,
540 1456 623 1534 quae
647 1446 695 1500 est
717 1435 886 1516 catholica,
909 1437 1052 1500 omnium
1074 1444 1197 1500 creatu·

71 1540 192 1600 rarum,
223 1519 291 1582 sive
314 1517 507 1603 spiritalium
530 1541 598 1584 slve
620 1521 842 1605 corporalium,
867 1521 984 1584 bonam
1006 1519 1198 1584 confiteatur

72 1602 286 1667 substantiam
310 1616 341 1666 et
363 1602 440 1667 mali
461 1600 581 1667 nullam
604 1625 674 1668 esse
701 1616 864 1688 naturam,
894 1627 935 1669 ex
964 1604 1044 1668 vitio
1075 1604 1197 1690 quippe

70 1686 247 1752 voluntatis
292 1708 390 1751 ravae
406 1687 556 1751 vitiatum
577 1697 625 1752 est
646 1685 768 1753 bonum
790 1691 858 1755 sive
880 1689 915 1752 in
935 1687 1051 1773 angelo
1073 1691 1140 1752 sive
1162 1689 1196 1751 in

71 1770 213 1835 homine.
280 1773 332 1834 inc
348 1769 552 1855 supradictus
574 1769 640 1836 Leo
662 1793 765 1858 papa:
792 1786 868 1851 outo,
887 1772 992 1856 inquit
1002 1782 1024 1853 ²,
1047 1787 1201 1838 habeantur

65 1869 192 1928 peccota,
211 1878 265 1912 non
284 1861 409 1924 homines,
433 1867 457 1913 et
475 1861 547 1927 quod
573 1861 602 1911 in
616 1861 790 1926 peccantibus
810 1861 927 1913 severius
947 1861 1074 1928 eastipuri
1093 1876 1198 1911 necesse

71 1950 119 2007 est,
144 1960 199 1995 non
224 1943 364 1995 saevientis
385 1943 520 2008 plectatur
547 1943 644 2006 anino,
673 1945 720 1995 secl
748 1944 891 2004 audentia·
911 1928 966 1993 ubi
993 1930 1078 1991 enim
1101 1927 1196 1991 bene-

72 2010 224 2091 volentia,
252 2009 299 2074 ibi
332 2010 483 2074 amicitia.
529 2009 594 2074 Sed
624 2033 697 2074 eum
728 2009 855 2075 diabolo
886 2013 1028 2077 amicitia
1056 2022 1196 2074 nonest

71 2094 232 2176 habenda,
269 2093 320 2158 cui
353 2093 452 2158 semel
482 2095 693 2159 renuntiando
721 2093 842 2159 bellum
869 2095 1056 2176 indiximus,
1086 2096 1138 2158 cui
1169 2095 1196 2157 si

70 2199 239 2265 nunquam
255 2180 537 2259 consensissemus,
560 2200 726 2263 nunquam
748 2180 782 2241 in
800 2179 877 2243 istas
900 2181 1045 2244 miserias
1066 2177 1195 2242 incidis-

71 2284 191 2328 semus.
236 2261 319 2327 Oum
342 2260 492 2325 omnibus
517 2271 625 2327 autern
648 2262 832 2327 hominibus
854 2262 1012 2346 iubemur,
1040 2273 1356 2350 quantumcumran.

69 2349 104 2413 in
126 2347 220 2412 nobis
243 2355 301 2428 cst,
322 2369 436 2432 pacem
459 2344 587 2428 habere,
611 2349 702 2410 cuius
726 2348 853 2433 pietatis
876 2348 1017 2413 studium
1039 2347 1196 2434 praecipi-

70 2453 261 2516 murusque
283 2429 324 2494 ad
346 2431 494 2494 inimicos
518 2431 615 2495 etiam
638 2430 817 2516 diligendos
840 2432 1075 2497 transfundere.
1107 2432 1196 2496 Inter

72 2515 153 2580 haec
176 2515 260 2580 enim
284 2537 365 2600 quae
386 2513 479 2579 valde
504 2515 589 2580 bona
609 2514 836 2580 deseribuntur
857 2517 1032 2615 praecipue
1048 2525 1096 2580 est
1110 2515 1196 2581 bona

70 2612 218 2665 creatura
239 2598 304 2665 Dei
325 2598 432 2681 hom0,
455 2601 608 2685 quoniam
630 2599 673 2663 ad
693 2601 869 2685 imaginem
899 2610 931 2665 et
952 2599 1196 2664 similitudinem

70 2684 136 2748 Dei
161 2682 266 2748 factus
288 2692 338 2749 est
358 2682 465 2765 homo,
488 2683 554 2768 qui,
576 2684 635 2749 etsi
658 2683 742 2749 male
764 2706 841 2748 usus
863 2686 905 2750 sit
925 2684 1028 2749 libero
1051 2684 1195 2766 arbitrio,

70 2767 239 2832 declinans
261 2788 281 2830 a
302 2765 387 2831 bono
409 2767 451 2831 ad
472 2766 603 2848 malum,
624 2789 689 2831 non
711 2768 852 2852 perdidit
873 2780 981 2835 tamen
1003 2770 1119 2834 mentis
1149 2769 1195 2831 in-

70 2850 245 2933 tellectum,
268 2849 325 2915 ubi
346 2851 388 2914 ad
410 2849 652 2916 similitudinem
675 2851 739 2918 Dei
761 2851 865 2917 factus
887 2862 935 2917 est
956 2857 1062 2923 homo.
1105 2851 1195 2915 Dici-

69 2947 123 3001 tur
152 2945 260 2999 autem
289 2934 385 2998 homo
414 2936 512 3000 totius
542 2934 687 3000 collectio
714 2935 938 3020 multitudinis,
961 2959 1043 3023 quae
1065 2947 1113 3001 est
1134 2938 1194 3002 sub

70 3020 179 3105 specie
201 3019 350 3101 hominis,
373 3020 429 3105 qui
444 3017 566 3085 scilicet
581 3018 677 3083 homo
700 3020 881 3105 diligendus
904 3029 962 3103 est,
984 3042 1049 3084 non
1072 3041 1194 3084 errores

68 3105 183 3191 ipsius,
205 3125 269 3168 non
290 3113 424 3189 peccata
446 3104 557 3188 ipsius.
594 3103 678 3168 Nam
702 3104 812 3168 dicens
834 3105 868 3168 in
890 3103 1059 3189 euangelio
1081 3103 1193 3167 Domi-

68 3211 146 3253 nus:
176 3188 316 3274 Dilipite
341 3190 493 3252 inimicos
515 3197 648 3268 nestros,
672 3198 761 3253 orate
777 3211 844 3275 pro
866 3191 920 3270 iis,
970 3191 1007 3252 ui
1031 3211 1087 3252 vos
1114 3207 1355 3272 perusinam.

69 3282 262 3359 separantur,
296 3273 473 3357 benefacite
497 3273 552 3354 iis,
586 3276 646 3356 qui
671 3283 748 3336 υοεει
778 3273 929 3354 oderunt,
985 3280 1107 3335 ortatur
1134 3294 1193 3336 nos

68 3358 111 3422 ad
128 3355 370 3422 similitudinem
392 3355 465 3436 Dei,
488 3354 627 3442 ideoque
649 3355 810 3421 adiunxit:
832 3357 927 3438 Sitia,
948 3357 1108 3440 inquiens,
1122 3355 1193 3437 filii

68 3442 183 3506 Patris
205 3444 314 3520 uestri,
343 3441 459 3526 quiin
483 3438 583 3504 caelis
604 3449 660 3522 est,
683 3441 741 3526 qui
763 3440 979 3507 solenianum
1002 3442 1087 3504 oriri
1098 3439 1193 3523 facit

68 3548 171 3612 super
194 3526 293 3590 bonos
314 3534 343 3587 et
358 3524 461 3588 mulos
484 3533 512 3588 et
521 3523 613 3608 pluit
627 3546 729 3609 super
742 3527 847 3590 iustos
870 3535 898 3591 et
913 3526 1064 3590 iniustos.
1097 3523 1193 3589 Unde

68 3609 272 3694 Augustinus
305 3609 338 3671 in
372 3615 511 3673 tractatu
538 3606 654 3692 psalmi
682 3607 739 3672 70:
782 3624 835 3686 Qut
861 3642 930 3693 apo,
959 3608 1063 3693 inquit
1072 3617 1095 3688 ³,
1130 3624 1193 3675 hene

67 3701 125 3751 nult
143 3698 249 3750 inimico
272 3715 330 3761 suo,
349 3698 407 3749 Deo
426 3697 520 3749 similis
540 3705 585 3760 eet,
604 3714 652 3749 nec
670 3697 722 3748 ista
741 3698 876 3764 snperbia,
902 3700 949 3751 sed
972 3697 1121 3751 obedientia
1146 3703 1192 3760 est,

66 3772 195 3839 quoniam
221 3773 258 3823 aci
281 3771 422 3838 inopinam
447 3770 500 3822 Dei
523 3769 597 3836 faeti
621 3787 721 3823 sumus.
766 3769 919 3834 Faciamus,
945 3772 1039 3838 inquit,
1064 3771 1193 3839 leoninam
1204 3777 1261 3820 Gen.
1272 3781 1293 3831 1,
1301 3779 1339 3822 26.

68 3847 106 3898 ud
125 3845 268 3913 inopinam
287 3852 311 3896 et
329 3843 530 3895 similitudinem
548 3851 676 3897 nostrane.

68 4027 93 4082 a)
109 4037 153 4068 nos
169 4028 196 4076 13
211 4026 330 4066 Seianaius
346 4025 424 4065 ementi.

70 4188 99 4253 1)
112 4189 214 4240 Leonis
228 4186 345 4254 epistula
357 4185 392 4237 ad
406 4185 544 4236 Turibinm
557 4185 647 4235 Astur.
662 4185 755 4250 episc„
769 4184 915 4235 Hinschius
930 4201 955 4250 p.
967 4184 1030 4235 591.
1080 4180 1108 4248 2)
1122 4183 1191 4232 Leo·

67 4263 111 4314 nis
132 4264 210 4329 epist.
230 4261 265 4311 ad
284 4262 423 4312 Rusticum
442 4259 559 4309 Narbon.
580 4274 631 4323 ep,
650 4258 798 4308 Hinschius
812 4275 837 4322 p.
853 4257 915 4308 616.
992 4256 1020 4322 3)
1041 4256 1131 4322 Opera
1143 4255 1191 4314 IV,

68 4354 96 4403 p.
118 4336 188 4396 737,
