2812 4830
225 386 261 435 34
409 383 460 434 Da
479 383 638 434 UNITATE
657 380 863 433 EOOLESIAE
884 379 1163 432 CONSERVANDA.

123 577 217 619 irruam.
229 550 470 635 suggestionem
491 549 647 634 peccandi
669 547 824 613 sumendo
847 546 967 613 abillo.
999 545 1165 619 Quoniam
1189 548 1233 612 ab
1249 550 1351 629 initio,

228 635 343 781 inspuit,
366 632 517 698 diabolus
534 644 662 719 peccat,
685 632 725 697 de
747 631 940 715 archangelo
960 629 1082 696 scilicet
1103 653 1220 696 versus
1243 631 1278 694 in
1293 632 1352 695 dia-

228 719 270 784 bo
284 740 349 800 um,
370 718 462 782 iuxta
485 718 571 802 quod
592 717 735 802 loquitur
749 715 910 780 Dominus
932 736 991 801 per
1012 714 1197 780 Ezecielem
1220 714 1352 801 prophe·

103 792 296 895 ²f2h35²⁸’tam
324 823 433 865 suum:
467 803 526 881 Tu,
553 803 713 886 inquiens,
743 801 860 864 cherub
891 808 1038 864 autentus
1061 808 1090 863 et
1108 809 1303 886 protepcus,
1330 809 1354 863 et

185 879 191 891 ’
227 887 329 972 posui
350 894 379 949 to
400 888 437 949 in
457 894 562 949 moute
584 895 697 949 sancto
714 885 788 964 Dei,
810 887 847 948 iu
863 884 967 948 medio
990 883 1143 968 lapidum
1165 886 1353 968 ipuitorum,

232 969 407 1035 ambulasti
416 969 584 1054 perfectus
605 971 642 1034 iu
656 970 721 1033 uiis
736 970 802 1032 tuis
825 991 846 1030 o
862 968 915 1032 die
930 968 1129 1032 conditionis
1144 977 1235 1049 tuae,
1260 969 1354 1032 donoc
1400 980 1402 1037 ἶ

230 1057 364 1119 iuventa
393 1062 439 1118 est
467 1054 632 1137 iniquitas
654 1055 690 1117 iu
713 1062 751 1117 te.
796 1051 911 1116 Omnis
934 1061 1041 1116 autem
1064 1053 1120 1138 qui
1141 1051 1223 1117 facit
1245 1052 1354 1137 iniqui-

230 1146 330 1202 tatem
363 1146 395 1201 et
428 1149 599 1222 peceatum
636 1136 732 1217 facit,
771 1137 855 1200 sicut
890 1134 975 1199 idem
1009 1135 1064 1220 qui
1094 1158 1195 1221 supra
1228 1145 1353 1200 sanctus

86 1220 576 1310 1‚101„3‚0‚Iohannesapostolus
599 1221 659 1284 ait:
681 1221 725 1284 Et
745 1222 846 1301 scitis,
868 1219 984 1305 inquit,
1015 1223 1171 1305 quoniam
1195 1221 1354 1304 apparuit

88 1307 323 1389 1,10s‚4,³,fllius
339 1305 414 1386 Dei,
437 1313 474 1368 ut
489 1303 649 1369 dissoluat
664 1327 766 1390 opera
782 1304 926 1386 diaboti,·
948 1306 1053 1368 omnis
1075 1315 1186 1369 autem
1209 1305 1353 1388 spiritus,

234 1390 291 1476 qui
320 1388 413 1453 soluit
435 1389 551 1469 Iesum,
578 1410 617 1452 ecc
638 1388 708 1452 Deo
738 1411 806 1452 nou
833 1397 898 1470 ost,
926 1397 954 1452 et
982 1389 1034 1452 tic
1056 1398 1101 1451 est
1122 1389 1353 1466 Antichristus,

234 1475 272 1537 de
316 1495 358 1537 uo
383 1472 535 1553 audistis,
558 1474 715 1557 quoniam
736 1475 824 1536 uouit
845 1481 874 1534 ct
895 1474 964 1536 iau
986 1473 1023 1535 iu
1038 1474 1160 1536 mundo
1177 1481 1236 1538 est.
1272 1471 1352 1554 Ergo

233 1495 378 1637 verdum,
407 1554 516 1618 anima
542 1566 574 1619 et
601 1576 675 1619 caro
704 1576 786 1618 unus
814 1564 862 1619 est
889 1554 1036 1621 Christus
1062 1555 1097 1619 in
1126 1577 1194 1619 una
1223 1575 1354 1641 persona

235 1639 298 1703 Dei
327 1646 359 1703 et
386 1638 535 1703 hominis.
580 1639 645 1704 Sed
670 1637 723 1702 ille
749 1637 844 1703 solvit
863 1639 981 1722 Iesum,
1027 1641 1061 1702 ui
1081 1638 1134 1704 vel
1155 1640 1354 1705 divinitatem

235 1724 305 1787 eius
326 1720 378 1787 vel
405 1723 546 1787 animam
573 1722 624 1787 vel
646 1733 797 1787 carnema
824 1732 931 1808 negat.
976 1660 1079 1788 sdvit
1107 1732 1139 1788 et
1164 1722 1222 1788 ille
1243 1725 1355 1803 Iesum,

235 1809 291 1906 qui
313 1805 464 1871 mandata
485 1816 517 1870 et
536 1807 636 1871 verba
654 1808 729 1871 Iesu
750 1805 802 1872 vel
822 1829 973 1891 perverse
994 1806 1133 1871 vivendo
1155 1808 1210 1873 vel
1232 1829 1354 1895 perver-

235 1913 301 1956 srus
323 1890 563 1989 interpretando
586 1891 772 1975 corrumpit.
817 1890 883 1955 Sed
909 1899 941 1956 et
966 1889 1020 1956 ille
1042 1890 1138 1956 solvit
1158 1892 1283 1975 Iesum,
1306 1891 1354 1978 qui

235 1974 354 2040 scindit
368 1984 523 2039 unrtatem
545 1973 709 2040 ecclesiae.
745 1974 838 2038 Unus
860 1975 946 2039 enim
968 1973 1064 2038 homo
1081 1974 1243 2056 Christus,
1267 1983 1355 2062 caput

235 2069 267 2124 et
296 2081 428 2144 eorpus3
457 2079 532 2122 nam
561 2079 679 2144 eorpus
710 2059 779 2122 eius
807 2068 856 2122 est
884 2058 1021 2122 ecclesia
1053 2061 1132 2127 eius.
1182 2061 1293 2146 Igitur
1320 2081 1354 2124 ex

234 2143 306 2208 Deo
339 2165 405 2207 non
437 2152 521 2225 sunt,
554 2143 609 2228 qui
634 2142 699 2206 Dei
732 2163 830 2226 opera
862 2141 914 2206 vel
945 2143 1045 2208 verba
1077 2142 1130 2207 vel
1157 2154 1356 2208 sacramenta

88 2227 440 2309 1.10n.s,s.rescindunt;
462 2248 551 2290 nam:
574 2226 680 2290 Filius
695 2226 770 2306 Dei,
791 2225 929 2290 verbum
947 2226 1020 2308 Dei,
1042 2229 1080 2291 iu
1102 2229 1162 2292 doc
1187 2230 1356 2314 apparuit,

233 2321 270 2374 ut
298 2310 404 2374 soluat
430 2333 532 2395 opera
563 2308 708 2389 diaboii,·
736 2318 768 2372 et
788 2319 824 2374 ut
844 2311 946 2395 ipsius
968 2309 1088 2375 diaboli
1114 2332 1216 2396 opera
1238 2311 1359 2377 solvant

235 2395 418 2458 sacerdotes
446 2395 481 2456 in
507 2393 606 2458 verbo
629 2392 702 2473 Dei,
731 2393 765 2456 in
786 2396 904 2459 virtute
926 2394 999 2477 Dei,
1022 2396 1183 2460 concessit
1206 2395 1358 2476 Christus,

234 2476 319 2540 filius
342 2477 417 2541 Dei.
461 2475 526 2541 Sed
548 2475 742 2541 Hildebrant
786 2499 850 2563 apa
871 2479 917 2541 sic
948 2480 1076 2579 scripsit
1105 2489 1137 2544 et
1167 2481 1216 2543 sic
1262 2481 1357 2545 raedi-

237 2561 359 2624 cavit¹t
384 2557 539 2642 Quidam,
561 2560 719 2645 inquiens,
775 2584 912 2626 omanus
922 2562 1078 2648 pontifeoc
1092 2587 1202 2650 repom
1216 2503 1357 2630 dicau-

236 2667 311 2708 rum
339 2666 406 2708 nou
436 2653 503 2708 tara
528 2667 593 2728 pro
623 2646 693 2708 suis
719 2646 771 2709 iui
792 2647 959 2729 nitatibus,
988 2670 1086 2732 quau
1110 2670 1178 2732 pro
1210 2671 1246 2714 eo
1277 2648 1359 2734 quod

237 2737 350 2792 tautae
397 2729 523 2791 otestati
545 2751 612 2794 nou
635 2737 706 2791 erat
727 2668 829 2810 utdis,
853 2753 874 2793 a
888 2753 989 2816 capno
1013 2731 1175 2815 deposuit,
1198 2743 1229 2796 et
1243 2734 1357 2818 Pippi·

238 2835 327 2892 num,
353 2749 465 2876 citroli
486 2813 545 2876 Ma
570 2815 607 2875 ui
633 2813 843 2894 imperatoris
868 2825 1009 2897 patrem,
1036 2816 1073 2879 iu
1101 2816 1173 2880 eius
1197 2816 1267 2882 loco
1290 2817 1359 2881 sub-

239 2896 353 2975 stituit,
389 2918 497 2960 ouues
521 2836 753 2981 daucipeuas
786 2920 808 2959 a
832 2898 1015 2963 iuramento
1040 2899 1230 2982 fidelitatis,
1264 2922 1360 2986 quau

239 2978 291 3044 itti
303 2978 468 3063 feceruut,
492 2979 637 3044 absoluit.

100 3083 101 3089 ’
158 3074 229 3130 (va)
326 3065 374 3128 15.
418 3064 501 3129 Mira
523 3063 653 3149 quidem
674 3063 824 3128 videntur
844 3063 939 3128 nobis
962 3085 1044 3149 quae
1066 3065 1219 3130 astruits:
1250 3077 1287 3132 ut
1308 3067 1362 3130 soi·

239 3144 314 3209 licet
335 3146 502 3233 religiosus
524 3147 641 3233 aliquis
662 3147 828 3210 Romanus
856 3147 1002 3232 pontifex
1023 3158 1263 3215 sacramentum
1291 3150 1363 3215 fidei

238 3231 273 3293 in
293 3229 401 3317 aliquo
422 3229 589 3295 absolvere
611 3230 825 3314 temptaverit,
848 3231 924 3316 quia
945 3230 1026 3296 fides
1048 3232 1112 3296 Dei
1134 3234 1241 3319 magis
1269 3256 1362 3322 quam

239 3313 375 3378 alieuius
402 3316 599 3396 aestimatur,
627 3335 710 3399 quae
731 3313 827 3378 alicui
849 3314 883 3377 in
905 3315 975 3380 eius
997 3317 1126 3380 nomine
1148 3318 1248 3382 datur
1269 3330 1363 3405 atque

240 3399 445 3484 promittitur,
468 3419 550 3483 quae
572 3406 603 3461 et
625 3396 666 3461 ad
687 3397 924 3462 invocationem
946 3409 1130 3465 sanctorum
1148 3402 1215 3467 Dei
1238 3403 1363 3468 robora·

240 3491 301 3564 tur,
329 3491 365 3546 ut
392 3483 403 3545 i
429 3481 456 3545 si
483 3502 612 3566 quoque
638 3481 703 3545 sint
729 3490 826 3546 testes
855 3484 924 3547 sive
950 3484 1074 3548 iudices
1096 3496 1213 3570 pactae
1234 3486 1314 3552 fidei
1334 3488 1363 3549 in

241 3566 370 3630 nomine
392 3503 535 3631 Idomini.
600 3564 706 3628 nando
728 3575 835 3630 autem
857 3589 877 3630 a
898 3566 962 3632 fide
984 3566 1102 3654 aliquis
1124 3568 1252 3635 solutus
1272 3571 1364 3636 fuerit

242 3656 274 3712 et
294 3647 392 3714 fidem
414 3669 479 3712 non
499 3646 657 3731 habuerit,
684 3651 859 3736 praecipue
884 3673 965 3733 eam,
993 3673 1091 3737 quarn
1112 3654 1296 3720 iuramento
1317 3655 1364 3718 fir·

242 3734 388 3812 maverit,
401 3731 518 3877 ppoeul
532 3730 630 3796 dubio
644 3733 786 3796 mendax
800 3745 858 3816 est,
877 3736 1011 3821 insuper
1030 3746 1062 3801 et
1076 3739 1240 3822 periurus,
1263 3737 1363 3824 qualis

83 3834 380 3901 1.cor.s,1o.ropuum
436 3817 468 3879 ei
488 3838 555 3879 nou
575 3817 765 3900 possidebit,
787 3818 871 3882 sicut
892 3819 1056 3904 apostolus
1078 3821 1132 3891 ait,
1171 3822 1264 3908 Ergo
1286 3822 1364 3887 fides

245 3900 272 3963 si
292 3895 488 3979 titubaverit,
512 3900 627 3964 arias
650 3901 745 3964 etiam
760 3901 832 3985 ipsa
851 3901 1039 3988 languescit,
1063 3906 1147 3970 sicut
1161 3906 1364 3992 Augustinus

243 3985 277 4045 in
303 3978 386 4045 libro
418 3978 458 4046 de
486 3981 632 4050 doctrina
661 3984 835 4050 christiana
861 3987 1007 4051 scribit³:
1047 4004 1122 4056 Dum
1137 4005 1220 4072 fides,
1253 3993 1364 4079 inquit,

244 4078 349 4143 titubat,
378 4079 531 4133 diuinorum
559 4082 754 4150 scripturarum
783 4086 927 4137 auctoritas
955 4086 1071 4138 vacillat.
1130 4073 1225 4159 Opus
1261 4087 1365 4142 autem

81 794 101 834 E

245 4208 269 4260 a)
285 4209 318 4250 tta
333 4211 456 4264 caudari,
472 4215 591 4276 caritatem
608 4218 627 4256 1.

247 4320 276 4389 1)
302 4323 344 4376 ef.
364 4340 387 4376 c.
408 4326 433 4378 2.
522 4326 552 4394 2)
577 4328 618 4379 ef.
643 4345 667 4380 c.
687 4329 712 4380 2.
797 4329 827 4398 3)
852 4332 997 4397 Augustini
1015 4333 1105 4400 Opera
1124 4336 1180 4398 111,
1203 4339 1227 4404 1,
1248 4358 1276 4409 p.
1299 4339 1367 4391 180.
