2812 4830
250 397 300 446 DE
320 395 477 447 UNITATE
497 395 701 449 ECOLESIAE
722 398 998 451 CONSERVANDA.
1157 399 1192 448 99

67 573 167 650 atque
195 561 409 664 periculosior
435 574 494 628 est.
537 564 620 628 Nam
649 565 734 628 acies
763 563 964 630 Coloniensis
993 576 1090 652 atque
1116 567 1274 632 'rra-10⁸⁶.

67 648 220 713 iactensrs
248 647 380 712 militiae
410 669 452 712 ex
482 651 660 734 composito
689 650 806 713 avertit
833 671 866 714 se
895 658 927 714 et
955 651 1048 736 fugit,
1069 660 1105 716 ut
1126 660 1195 715 erat

66 733 152 798 inter
172 732 335 818 principia
350 740 462 796 contra
476 730 584 797 hostes
600 732 760 815 ordinata3
784 739 866 832 quae
881 735 1040 799 sociorum
1057 733 1195 800 deiectio

67 815 165 902 fregit
180 814 304 880 animos
320 825 499 881 ceterorum
521 819 555 881 in
577 839 613 881 re
636 826 703 881 tarn
717 816 844 902 treprda
864 826 995 904 tamque
1017 819 1071 883 ino
1096 819 1196 900 inata,

67 922 107 965 ac
129 898 264 987 perinde
291 900 464 965 subtractis
494 900 638 987 undique
659 923 718 986 per
739 901 849 986 fugam
872 905 1017 987 equitum
1041 840 1195 967 sulssidiis

67 1006 199 1049 versum
229 993 278 1049 est
306 985 340 1049 in
361 984 485 1069 pedites
507 993 609 1049 totum
632 984 759 1072 pondus
781 984 909 1071 praelii;
938 987 1056 1073 quibus
1080 987 1196 1052 deinde

69 1090 130 1133 nec
160 1090 272 1154 pugna
300 1080 445 1134 constare
474 1090 534 1132 nec
562 1069 640 1155 fuga
666 1069 734 1133 sine
755 1091 873 1153 magna
895 1071 993 1135 caede
1014 1072 1119 1157 potuit
1141 1093 1196 1134 ex-

92 1151 195 1218 licari.
239 1153 324 1217 Tum
345 1153 427 1218 forte
450 1164 565 1238 captus
587 1162 638 1216 est
658 1153 706 1217 ibi
727 1151 859 1238 quidam
881 1153 1018 1219 clericus
1037 1155 1196 1221 Wezelini

105 1237 255 1322 oguntini
283 1236 520 1323 archiepiscopi
553 1238 682 1301 nornine
716 1237 926 1321 Reginherus‚
957 1261 1053 1324 quem
1083 1239 1196 1304 adver-

70 1322 174 1386 sarius
195 1319 249 1385 ille
272 1319 393 1386 Ohristi
422 1330 454 1384 et
481 1320 637 1386 ecclesiae
660 1320 801 1406 Hartvig
830 1323 994 1409 corripuit,
1019 1322 1115 1410 quod,
1138 1323 1195 1409 qui

71 1403 132 1471 sub
160 1406 267 1490 priore
297 1405 407 1491 episco
433 1426 451 1468 o
480 1405 641 1489 sigefrido
671 1406 721 1468 sui
750 1413 874 1491 partem
930 1429 1012 1493 apae
1046 1407 1197 1492 Gregorii

71 1489 330 1554 constantissime
364 1425 543 1553 delinderit
577 1511 753 1576 regemque
785 1429 986 1555 Henricdum
1020 1512 1196 1576 omnesque

69 1574 213 1640 fautores
246 1573 315 1638 eius
348 1573 540 1660 pronissime
572 1572 776 1637 abominatus
803 1576 854 1657 sit,
888 1597 974 1639 nunc
1008 1576 1101 1661 quasi
1138 1597 1198 1661 per

70 1657 183 1743 fugam
213 1656 344 1744 quidem
371 1657 414 1721 ad
441 1658 633 1722 iniustitiam
660 1679 809 1723 reversus
838 1659 895 1741 sit;
924 1681 962 1722 ac
984 1659 1101 1724 deinde
1123 1681 1197 1724 eum

71 1743 160 1807 circa
182 1742 363 1806 occisorum
387 1762 525 1828 corpora
546 1741 762 1806 circumduxit
788 1751 886 1828 atque
908 1741 1075 1827 gloriando
1099 1743 1197 1808 dixit:

70 1825 170 1890 ‘Ecce
185 1825 282 1890 modo
297 1835 442 1912 apparet,
464 1847 540 1890 ecce
554 1825 651 1890 modo
665 1836 811 1912 apparet,
832 1826 890 1891 ubi
903 1827 1026 1892 iustitia
1048 1828 1099 1909 sit,
1122 1849 1197 1892 cum

70 1910 159 1996 apud
185 1913 266 1990 nos'‚
291 1911 407 2020 inquit,
436 1911 582 1975 ‘victoria
604 1910 677 1974 sitl’
721 1910 788 1974 Sed
810 1909 941 1975 ‘iustitia
962 1921 994 1975 et
1015 1934 1082 1996 pax
1104 1933 1359 1992 osen-anasum.

69 1993 156 2058 latae
189 2003 264 2058 sunt
295 2016 348 2076 se,
374 1994 528 2080 quoniam
557 2004 672 2059 neutra
698 2003 806 2079 potest
832 1994 955 2080 absque
987 1995 1088 2060 altera
1115 2018 1195 2061 esse.

72 2076 226 2143 Studium
248 2086 356 2142 autem
378 2087 410 2141 et
431 2076 533 2163 gloria
561 2089 609 2143 est
636 2099 748 2143 eorum
776 2080 831 2164 qui
853 2078 1014 2164 pertinent
1034 2079 1077 2143 ad
1099 2088 1195 2144 terre-

69 2183 147 2227 nam
180 2162 352 2241 civitatem,
385 2161 550 2227 effundere
582 2163 758 2226 humanum
794 2164 993 2248 sanguinem,
1028 2185 1101 2227 cum
1136 2163 1196 2227 filii

69 2247 163 2345 pacis
185 2244 217 2309 hi
239 2248 303 2310 sint
324 2245 382 2310 filii
403 2246 477 2311 Dei.
520 2244 670 2310 Atinius
693 2248 889 2332 sanguineae
911 2247 1106 2312 crudelitatis
1128 2248 1194 2335 epi·

70 2351 185 2416 scop1:

199 2413 305 2477 Nulla
327 2414 391 2478 loci
401 2413 518 2498 facies
539 2424 668 2479 reuocat
680 2414 850 2500 feralibus
874 2419 963 2480 aruis

201 2499 381 2562 Haerentes
404 2497 522 2580 oculos,
543 2498 642 2562 celsos
665 2500 803 2564 cumulis
826 2501 1005 2586 aequantia
1027 2499 1121 2564 colles

203 2581 351 2667 Corpora
375 2583 576 2668 ridentesque
598 2584 635 2646 in
657 2583 760 2646 tabem
783 2607 798 2646 s
824 2593 905 2649 estat
926 2596 1088 2648 aceruos1.

72 2664 169 2731 Certe
190 2664 263 2729 talis
283 2666 336 2729 vir
357 2667 549 2751 sanguinum
571 2665 693 2730 alienus
716 2675 773 2748 est,
794 2606 899 2731 dostis
921 2677 978 2749 est,
1007 2690 1102 2754 quem
1125 2689 1194 2732 sen·

70 2772 126 2814 sus
150 2748 269 2814 doloris
291 2771 355 2814 non
377 2751 434 2815 teti
458 2751 483 2815 it
504 2753 538 2813 in
560 2751 729 2835 prostratis
750 2750 913 2832 fratribus,
939 2753 1031 2814 iuxta
1053 2751 1140 2838 quod
1161 2754 1195 2816 in

70 2833 156 2899 libro
183 2834 224 2898 de
252 2832 351 2918 lapsis
379 2773 491 2899 scrilrit
518 2843 648 2897 sanctus
671 2833 855 2920 Cyprianus
878 2836 1088 2920 episcopus²t
1124 2851 1196 2914 Quid

64 2934 182 3001 faciam,
197 2919 312 3003 inquit,
330 2931 492 2984 dilectissimi
492 2934 606 2999 fratres,
612 2933 749 2998 fluctuans
759 2932 834 2984 uario
847 2933 940 2984 mentis
954 2933 1049 2984 aestu?
1065 2933 1138 2994 Quid
1148 2941 1196 2984 aut

70 3009 203 3074 quomodo
212 3007 319 3058 alicam?
328 3005 460 3056 Lacrimis
467 3005 551 3072 mapis
561 3004 733 3070 quamuerlsis
740 3008 806 3070 opus
817 3015 854 3056 est
864 3006 901 3056 od
910 3005 1112 3070 suprimendum
1121 3008 1193 3058 dolo-

71 3099 138 3144 rem,
152 3098 205 3146 quo
217 3082 333 3147 corporis
345 3078 429 3131 nostri
440 3078 562 3146 deflenda
575 3084 612 3130 est
624 3079 718 3145 playa,
732 3096 783 3143 quo
792 3079 888 3144 populi
901 3078 1047 3142 aliquando
1059 3079 1197 3130 numerosi

71 3153 212 3219 multiplea
225 3154 398 3206 lamentanda
411 3157 448 3202 est
460 3151 574 3203 iactura.
604 3149 668 3213 Quis
683 3152 752 3203 enim
764 3151 802 3202 sic
816 3153 901 3203 durus
915 3152 1069 3218 sosarmus,
1083 3152 1143 3216 quis
1155 3151 1196 3202 sic

63 3229 210 3296 fraternae
223 3227 343 3278 caritatis
356 3224 460 3288 oblitus,
473 3225 520 3290 qui
532 3224 601 3276 inter
613 3241 723 3276 suorum
735 3225 907 3291 multiformes
921 3224 1016 3275 ruinas
1033 3231 1057 3274 et
1070 3224 1194 3292 lupubres

72 3319 106 3353 aa
125 3301 206 3351 multo
220 3303 342 3366 squalore
355 3299 486 3365 deformes
498 3297 627 3363 reliquias
646 3297 801 3349 constitutus
814 3298 894 3351 sicem
907 3297 995 3349 oculos
1009 3304 1096 3349 tenere
1110 3313 1193 3362 prae·

71 3375 171 3438 ualeat,
190 3391 239 3426 nee
251 3379 401 3439 erumpente
414 3371 503 3423 statim
514 3371 583 3438 fletu
597 3371 678 3437 prius
695 3371 806 3438 pemitus
826 3389 888 3423 suos
904 3370 1020 3422 mammis
1040 3387 1120 3436 quam
1131 3386 1195 3421 uoce

71 3446 233 3513 depromat?
259 3447 352 3510 Doleo,
364 3447 479 3512 fratres,
499 3444 573 3496 doleo
586 3443 727 3509 colurum,
746 3462 794 3497 nec
809 3444 873 3496 miii
893 3446 929 3496 ad
942 3443 1075 3495 leniendos
1090 3444 1193 3495 dolores

71 3537 143 3572 meos
163 3519 300 3588 integritas
315 3518 431 3586 propria
450 3524 474 3569 et
489 3517 591 3568 sanitas
605 3517 719 3583 priuata
738 3519 883 3582 blanditur,
902 3517 1010 3584 quando
1021 3517 1087 3582 plus
1098 3522 1196 3582 pastor

69 3595 102 3646 in
123 3593 211 3660 prepis
235 3593 279 3644 sui
301 3594 411 3644 uulnere
435 3591 601 3642 vulneratur.
639 3589 703 3641 Oum
730 3591 841 3659 sinpulis
859 3599 952 3657 peetus
977 3606 1063 3642 meum
1091 3590 1193 3655 copulo,

70 3667 200 3719 memoris
219 3675 243 3718 et
248 3665 359 3734 saneris
368 3666 494 3732 pondera
513 3665 633 3715 luctuoso
647 3663 790 3730 participo,
811 3682 870 3716 aum
883 3663 1072 3731 plangentibus
1080 3665 1194 3729 planpo,

70 3757 133 3793 eum
158 3740 311 3808 deflentibus
337 3739 427 3806 defleo,
451 3755 509 3789 cum
535 3736 681 3788 iacentibus
709 3737 796 3789 iacere
819 3756 858 3790 me
886 3739 972 3791 creda
1011 3737 1112 3788 loculis
1139 3735 1193 3787 illis

68 3813 260 3882 praesentibus
278 3812 379 3864 inimici
396 3829 456 3863 mea
474 3810 556 3861 simul
571 3810 688 3861 membra
701 3827 832 3876 percussa
851 3820 921 3876 sunt,
946 3810 1090 3862 saeuientes
1106 3808 1194 3876 gladii

65 3903 121 3954 per
145 3903 205 3938 mea
230 3887 334 3939 uisam
360 3885 532 3937 transierunt.
571 3882 694 3934 Inmunis
714 3900 746 3934 aa
768 3884 833 3936 liber
849 3885 939 3950 fuisse
966 3901 983 3932 a
1001 3883 1194 3949 persecutionis

71 4065 101 4133 1)
120 4067 225 4119 Lucan.
245 4068 308 4130 VII,
330 4065 381 4118 788
398 4083 475 4133 sqq:

291 4139 440 4192 Haerentes
459 4137 564 4200 oculos,·
583 4137 667 4188 cernit
680 4136 813 4203 propulso
832 4152 925 4188 cruore

292 4212 421 4264 Flumina
441 4218 464 4264 et
483 4211 597 4263 essenos
617 4210 728 4262 cumulis
749 4208 893 4275 aequantia
913 4210 989 4261 colles

293 4285 412 4352 Corpora
432 4292 484 4336 etc.

69 4362 99 4426 2)
121 4360 251 4428 Cypriani
270 4361 360 4427 Opera
379 4377 405 4427 p.
427 4359 490 4408 239.

921 4437 960 4489 7*
