2812 4830
216 335 298 386 XXII
668 333 883 385 PRAEFATIO.

211 513 379 588 paquaut.
426 502 520 580 Quod
548 510 654 565 autem
683 502 720 564 iu
747 502 808 564 bae
836 523 871 564 re
898 500 978 564 mali
1004 502 1098 581 iueet,
1125 501 1163 565 id
1187 526 1337 588 compen-

215 597 310 651 satur
332 611 367 652 eo
411 586 478 650 uod
495 584 694 650 Wattramue
715 607 842 648 summa
858 584 1093 683 probabilitate
1116 587 1213 650 etiam
1237 587 1279 651 de
1297 590 1338 653 iio

214 673 310 735 rebus
332 611 455 752 scribit,
476 671 515 733 de
538 669 655 753 quibua
678 669 813 733 abiuude
835 668 921 732 urbii
945 670 1025 732 certi
1045 670 1247 735 audirimus.

300 756 367 820 Sed
393 755 582 819 historicum
634 775 713 816 euus
744 753 910 817 scribendi
937 775 1004 816 uon
1028 753 1172 839 amplias
1189 758 1336 839 pertinet

216 862 315 988 wem
342 862 444 923 aeque
473 836 518 901 ad
546 776 633 901 mea?

619 839 688 900 iam
715 845 816 921 eaput
837 837 888 901 37.
933 837 981 900 Ab
1011 838 1068 901 boe
1102 838 1171 903 ioco
1199 850 1336 924 paquat

260 921 420 987 aitramus
443 930 558 986 coutra
573 923 749 985 mouaebos
765 921 1031 1006 Hireauqieueee.
1063 922 1153 986 Haec
1175 922 1333 1007 refutatio

214 1029 280 1070 mou
302 1016 428 1071 tautum
450 1007 601 1085 eontinet,
623 1015 783 1090 quautam
805 1006 973 1085 bominem,
997 1007 1062 1090 qui,
1082 1009 1222 1089 'quamtis
1238 1008 1321 1071 mat‘

216 1099 307 1154 aetae
323 1099 537 1175 premeretur,
560 1088 638 1153 beue
659 1089 864 1170 inuitauerit,
886 1091 1089 1174 eeripturum
1105 1112 1172 1154 erse
1183 1100 1332 1175 putarer.

298 1176 327 1240 3.
373 1176 480 1239 Tertio
509 1172 604 1254 libro,
634 1175 730 1237 cuiue
760 1173 839 1253 finis
876 1183 934 1237 aut
960 1174 1113 1257 perditae
1146 1183 1207 1238 aut
1240 1199 1330 1240 uum·

213 1281 312 1342 quam
335 1258 504 1343 perfectae
530 1266 586 1337 eet,
615 1256 812 1321 Wattramae
842 1257 880 1321 de
908 1259 942 1321 oi
964 1268 1244 1324 eaeremeutorum
1269 1260 1330 1324 die·

206 1353 346 1427 puram,
366 1343 525 1425 imprimis
540 1339 724 1426 Auqustiui
738 1342 904 1405 sententiis
919 1343 1030 1425 uiuae,
1046 1364 1203 1427 amquam
1220 1366 1331 1408 saero-

212 1437 320 1491 meuta
341 1427 407 1490 uim
429 1448 523 1489 suam
546 1425 689 1488 amittere
710 1434 817 1510 meoet,
1296 1464 1298 1468 .

299 1509 367 1574 See
382 1510 461 1573 baec
477 1508 644 1573 baeterrae.
675 1507 768 1572 Satis
791 1510 877 1572 euim
898 1511 1085 1593 eapoeaisee
1106 1509 1190 1575 mibi
1211 1511 1332 1592 uideor,

213 1595 288 1676 quis
308 1594 387 1658 libri
410 1602 525 1657 auetor
539 1615 605 1657 esse
627 1602 656 1656 et
670 1592 872 1676 quemfluem
895 1603 1122 1678 ar9umeutum
1143 1591 1225 1659 libri
1244 1597 1333 1679 requi

213 1678 386 1742 videretur.
409 1677 612 1762 Priusquam
627 1685 733 1740 autem
747 1677 833 1740 bane
851 1698 969 1740 uorem
987 1677 1159 1742 editionem
1178 1680 1217 1742 iu
1232 1678 1332 1743 lucem

210 1763 347 1846 prodire
361 1762 465 1842 iubeo,
480 1783 585 1825 meum
600 1782 666 1824 esee
679 1769 771 1843 puto,
786 1763 817 1824 ei
831 1763 962 1846 oratioe
979 1783 1087 1846 aqere,
1103 1764 1162 1846 qui
1177 1761 1333 1848 aliquau-

213 1855 280 1911 tam
303 1846 435 1910 adiuuit
458 1845 504 1909 ad
531 1867 597 1908 rem
614 1844 864 1928 perficiendam.
908 1845 997 1908 Nam
1024 1845 1087 1908 Dr.
1110 1846 1150 1908 K.
1173 1847 1332 1928 manete,

211 1931 265 1994 vir
297 1930 518 2010 doctissimae,
557 1938 593 1992 ut
628 1950 774 2014 quaeque
804 1951 890 2013 pare
927 1929 1026 1992 baiae
1058 1931 1212 1994 editionis
1246 1933 1333 2017 typis

211 2015 380 2099 eaeeripta
408 2023 489 2093 erat,
518 2036 589 2078 eam
611 2013 806 2097 eorriyebat,
835 2035 892 2076 uee
919 2011 1023 2075 oolam
1048 2013 1226 2078 uouuulloo
1248 2015 1333 2080 boeot

210 2121 227 2162 e
248 2100 383 2183 scriptia
400 2107 537 2183 patrum
561 2096 851 2161 ecclesiastieorum
868 2095 984 2160 albatos
1005 2100 1222 2182 comparavit,
1247 2121 1334 2186 quoe,

211 2205 283 2246 eum
305 2183 387 2247 mibi
408 2204 476 2246 mou
500 2203 607 2245 omues
634 2181 712 2244 iibri
735 2190 871 2264 praesto
898 2189 1012 2262 esseut,
1043 2203 1109 2245 uou
1130 2183 1332 2265 iaoeueram,

212 2267 268 2331 sed
291 2269 387 2332 etiam
409 2269 447 2331 iu
468 2274 558 2328 teratu
580 2264 782 2329 emendando
806 2264 922 2349 atiquo
943 2265 1019 2329 boue
1042 2265 1226 2332 admonuit.

729 2491 773 2556 W.
797 2490 1294 2560 SOHWENKENBECHER.
