2812 4830
221 365 273 415 140
415 365 466 415 DE
485 365 643 416 UNITATE
662 363 866 441 ECCLRSIAE
887 361 1165 415 CONSERVANDA.

218 554 292 597 vam
315 531 456 616 quidem,
478 532 534 597 sed
555 533 601 596 ita
622 530 830 612 moderatam,
851 540 888 596 ut
902 530 1041 616 desuper
1061 553 1164 617 usque
1186 531 1227 595 ad
1246 554 1320 597 renes

219 625 344 680 tantum
366 613 521 681 deflueret
542 625 573 680 et
594 617 756 700 utrimque
777 637 880 700 usque
907 615 948 680 ad
970 614 1180 680 humerorum
1202 617 1321 681 confinia

219 701 428 787 pertingeret,
451 698 555 785 qualis
571 709 656 764 certe
670 699 774 763 forma
793 710 891 784 atquc
905 721 1057 764 mensura
1077 700 1209 785 proprie
1224 699 1322 765 dicitu

220 783 399 870 scapulare,
421 782 508 870 quod
530 783 695 849 monachis
723 795 856 870 propter
877 805 975 882 opera
1003 793 1128 849 tantum
1158 786 1323 871 assignatur

221 892 262 934 ex
289 869 441 934 mandato
470 891 505 934 re
529 867 611 950 ulae,
640 869 716 955 quia
741 866 789 932 ibi
817 869 1010 952 expumitur
1038 870 1213 954 utrimque,
1241 879 1324 935 utet

219 953 396 1018 monachus
417 891 645 1038 singuiaritatis
673 973 750 1017 suae
772 951 949 1016 custodiam
1002 963 1182 1018 eruentem
1205 952 1324 1018 cuculla

220 1048 286 1103 tam
308 1036 452 1102 attendat
472 1048 504 1101 et
518 1060 577 1122 per
591 1036 781 1102 brevitatem
803 1037 871 1101 eius
894 1037 953 1100 sim
1009 1049 1042 1103 et
1062 1060 1123 1124 per
1137 1037 1324 1103 brachiorum

220 1121 398 1186 nuditatem
419 1121 524 1206 magis
546 1121 718 1208 explicitus
744 1132 777 1186 et
797 1121 936 1219 impiger
960 1122 1002 1184 ad
1024 1143 1124 1207 opera
1144 1123 1212 1187 fiat.
1254 1121 1324 1186 Rara

220 1216 328 1270 autem
350 1216 399 1270 est
419 1229 506 1270 nunc
526 1206 614 1292 apud
635 1207 810 1270 monachos
832 1218 864 1270 et
885 1207 1037 1272 musitata
1059 1207 1220 1271 eiusmodi
1234 1207 1324 1288 vestis,

221 1292 297 1376 quia
311 1290 406 1376 pauci
428 1300 484 1355 aut
498 1292 628 1354 omnino
649 1289 728 1354 nulli
749 1290 842 1353 istius
864 1292 1019 1377 temporis
1040 1291 1191 1357 monachi
1215 1290 1325 1355 student

220 1396 310 1437 more
331 1385 459 1460 patrum
481 1373 584 1439 labori
606 1386 663 1439 aut
677 1375 830 1439 exercitio
847 1377 965 1459 operis,
987 1397 1061 1440 cum
1082 1376 1171 1461 apud
1193 1377 1323 1460 antiquos

221 1469 330 1544 patres
358 1459 453 1522 fnnerit
478 1459 640 1540 usitatum,
666 1469 702 1522 ut
721 1457 844 1522 nullum
867 1461 1066 1544 susciperent
1086 1460 1122 1522 in
1144 1461 1324 1525 consortium

222 1564 328 1625 suum,
359 1544 421 1606 nisi
453 1540 608 1626 probatus
640 1542 702 1606 hoc
728 1543 881 1608 meruerit
911 1567 969 1629 per
1001 1544 1107 1630 operis
1141 1545 1324 1624 exercitium,

222 1626 309 1712 quod
339 1629 519 1691 orationum
551 1626 658 1692 studia
689 1636 786 1712 atque
816 1626 990 1692 lectionum
1017 1629 1193 1714 praecipue
1214 1627 1324 1693 valent·

223 1720 336 1775 contra
361 1711 619 1795 impugnationes
650 1712 812 1776 vitiorum.
855 1711 951 1776 Unde
980 1722 1012 1777 et
1034 1711 1252 1795 sarabaitam,
1276 1712 1323 1776 hoc

222 1805 272 1859 est
289 1792 352 1859 sibi
366 1796 520 1874 viventes,
542 1793 684 1880 appellat
705 1805 835 1859 sanctus
849 1795 1065 1860 Benedictus¹
1087 1798 1220 1860 tertium
1241 1817 1324 1882 genus

223 1878 467 1943 monachorum:
497 1894 630 1956 ommim
647 1895 733 1957 anza,
752 1879 866 1964 inquit,
892 1898 987 1963 aqna
1012 1896 1155 1962 appronat
1179 1895 1324 1961 expertem

221 1969 351 2037 magistra
369 1970 437 2021 sicut
450 1985 547 2020 aurum
565 1969 595 2018 in
606 1969 723 2034 fornace
729 1985 738 2026 ;
758 1969 805 2019 sed
824 1968 854 2019 in
868 1969 973 2035 plumbi
990 1978 1118 2020 naturam
1136 1969 1231 2020 motui
1253 1968 1324 2020 oddae

222 2042 346 2109 operibus
370 2049 504 2095 servantes
529 2043 633 2094 saeculo
651 2042 735 2107 fidem
758 2042 865 2093 mentiri
888 2043 946 2094 Deo
961 2060 1013 2108 per
1032 2051 1170 2094 tonsuram
1188 2050 1321 2101 noscuntur,

222 2117 318 2182 quidne
332 2134 386 2182 pro
404 2118 459 2185 lege
478 2123 516 2167 eet
534 2114 735 2182 desyderiorum
753 2116 886 2181 voluptas,
906 2133 965 2167 cum
983 2115 1110 2182 quicquid
1123 2115 1279 2182 putaverint
1293 2112 1323 2164 mi

222 2190 347 2258 ekyerint
372 2191 420 2241 hoc
443 2190 534 2241 dicant
559 2197 690 2252 sunctum,
715 2195 739 2240 ct
757 2191 828 2254 qnod
849 2190 984 2241 noluerint
1002 2190 1050 2241 hoc
1063 2197 1165 2254 putant
1183 2206 1237 2240 non
1255 2189 1321 2240 licent

221 2259 309 2322 Hinc
332 2256 445 2323 beatus
461 2257 697 2341 Hieronymus²
721 2257 834 2322 scribit
854 2257 896 2320 ad
911 2279 1036 2321 sacram
1049 2258 1213 2342 virginem
1226 2256 1321 2320 Eusto-

222 2342 344 2405 chium:
370 2356 443 2421 stin,
462 2341 621 2426 inquiens,
643 2364 705 2406 eunt
727 2373 826 2424 genera
850 2357 1046 2420 monachornm,
1070 2374 1103 2408 en
1122 2355 1219 2421 quibua
1236 2354 1322 2407 mun

223 2439 261 2483 eet
279 2431 451 2482 detnrimum
470 2439 548 2497 atque
566 2432 719 2498 neylcctum,
740 2436 764 2480 et
782 2431 853 2495 qnod
871 2431 900 2480 in
919 2437 1012 2481 nonna
1026 2430 1172 2496 provincia
1190 2437 1239 2480 ont
1254 2431 1321 2480 solun

223 2521 261 2565 est
281 2521 329 2563 ant
341 2513 469 2578 primum,
490 2513 564 2578 apud
582 2529 656 2578 quos,
674 2497 790 2582 inquit,
813 2514 938 2579 affectata
960 2521 1022 2563 sunt
1040 2511 1138 2575 omnic,
1159 2515 1239 2563 mue
1255 2509 1322 2561 meni·

223 2603 279 2648 cae,
298 2586 400 2652 colique
410 2586 574 2651 sollicmntes,
594 2585 672 2637 vestis
688 2587 834 2654 yrosstorc,
854 2586 948 2637 crebra
966 2585 1093 2651 cuspin-im
1120 2586 1247 2636 detractio
1264 2581 1322 2636 elet-

225 2676 324 2722 corum
348 2667 372 2710 et
397 2657 422 2708 si
445 2660 553 2724 quando
578 2659 634 2710 dies
646 2660 737 2725 scetus
753 2659 862 2723 venerit,
881 2665 1041 2710 saturantur
1059 2660 1097 2710 ud
1116 2657 1249 2710 vomitum.
1282 2655 1323 2708 tet

224 2733 290 2799 quin
318 2732 405 2783 sciunt
428 2734 616 2784 monachorum
640 2730 756 2785 nomen(¹
778 2734 930 2801 pluriorem,
956 2733 1004 2784 aud
1026 2732 1116 2785 ouium
1129 2732 1247 2798 pellibus
1263 2733 1322 2796 tmn

225 2823 324 2882 tequnt,
351 2813 484 2866 Oitrietnm
501 2815 626 2866 mentitur
649 2814 836 2879 Antichristna,
856 2826 882 2867 ct
907 2814 1107 2882 turpitudinem,
1134 2800 1250 2885 inquit,
1267 2812 1323 2864 vitoe

217 2888 295 2955 salso
314 2887 428 2938 nominis
445 2889 544 2940 honore
562 2889 734 2952 convestiunt,
754 2889 902 2956 quintium,
921 2890 986 2939 dum
1004 2889 1162 2941 erubescunt
1176 2907 1229 2955 pre
1242 2886 1323 2940 ouran

67 2968 157 3012 1.'1¹im.
165 2968 187 3021 6,
195 2967 217 3009 9.
225 2962 368 3030 gloriosam
392 2979 452 3013 cnm
476 2963 593 3028 apostole
619 2962 750 3028 eusnpere
773 2964 928 3026 nuditatem,
953 2962 1075 3014 incidunt
1100 2962 1131 3012 in
1150 2960 1324 3029 temptationem

227 3044 252 3087 et
270 3037 393 3101 heccum
405 3036 507 3087 diaboli
526 3043 550 3088 ct
567 3035 709 3102 deeydcma
726 3037 810 3087 multa
828 3045 853 3088 ct
864 3036 973 3087 inutilia
992 3042 1016 3087 et
1029 3036 1121 3099 noma,
1140 3053 1212 3102 qnae
1223 3037 1323 3102 mereunt

227 3109 344 3160 hemines
361 3110 391 3158 in
409 3108 544 3161 interitum
562 3116 587 3161 ct
599 3109 785 3175 perditionem.

310 3176 362 3241 43.
406 3176 659 3263 Consyderanda
681 3187 755 3241 sunt
780 3177 870 3258 haec,
899 3198 982 3261 quae
1003 3177 1108 3241 sancti
1136 3187 1245 3263 patres
1268 3194 1324 3238 con·

227 3259 374 3325 scribunt
395 3282 492 3346 super
513 3283 551 3325 eo
565 3284 683 3347 genere
705 3261 945 3342 monachorum,
968 3260 1056 3347 quod
1077 3283 1165 3324 nunc
1187 3263 1221 3325 in
1235 3268 1325 3324 nostro

228 3366 356 3431 quoque
384 3348 552 3429 provincia
580 3356 637 3411 aut
657 3347 799 3431 primum
820 3355 869 3409 est
893 3357 949 3410 aut
969 3344 1082 3426 solum,
1107 3345 1220 3431 quales
1247 3344 1325 3409 etiam

227 3431 261 3494 in
290 3427 455 3514 publicum
483 3431 548 3493 iam
579 3440 777 3495 emerserunt
805 3430 949 3512 exitium,
982 3431 1182 3495 concitantes
1210 3445 1324 3514 regnum

228 3512 383 3578 adversus
412 3525 579 3597 regnum,
606 3516 661 3600 qui
690 3536 753 3578 non
774 3513 816 3577 ab
839 3512 1016 3599 apostolica
1036 3514 1114 3578 sede
1137 3514 1266 3600 quidem
1284 3509 1325 3574 ab·

228 3599 417 3678 stinuerunt,
445 3598 502 3662 sed
530 3597 630 3662 multa
657 3608 768 3662 contra
797 3620 867 3662 eam
893 3607 1071 3683 gesserunt,
1092 3601 1287 3685 scripserunt
1303 3598 1324 3657 et

229 3795 253 3848 ι)
269 3798 334 3837 valet
349 3799 369 3837 1.
430 3794 455 3846 b)
471 3795 604 3836 sarabertus
620 3799 642 3836 1.
697 3796 718 3848 c)
735 3799 835 3837 crassior
850 3797 911 3840 Ister.
959 3795 983 3850 d)
999 3799 1117 3848 virginale
1131 3799 1266 3840 vocabulum
1278 3793 1322 3836 Etr·

232 3961 261 4026 l)
280 3962 424 4012 Benedicti
440 3963 508 4026 Reg.
531 3979 554 4013 c.
573 3964 598 4015 1.
672 3961 702 4026 2)
721 3964 832 4016 Hieron.
849 3964 936 4030 Epist.
956 3963 992 4013 ad
1010 3964 1198 4030 Eustochium,
1217 3966 1295 4031 open
1306 3957 1322 4017 12

230 4053 257 4101 p.
279 4034 339 4085 118.
361 4036 422 4085 119.
442 4043 470 4086 et
487 4036 551 4086 inde
571 4052 588 4086 a
605 4036 709 4087 verbis:
730 4034 784 4087 Seu
802 4037 868 4102 quia
885 4036 972 4088 emunt
990 4045 1042 4088 otc.
1067 4055 1094 4104 p.
1116 4039 1178 4090 123.
1249 4033 1275 4102 3)
1290 4028 1320 4083 Of·

230 4109 314 4159 verba
333 4108 421 4159 Carm.
440 4110 570 4160 Lauresh.
589 4125 660 4160 mon.
682 4110 742 4173 (SS.
762 4112 837 4171 XXI,
856 4128 882 4176 p.
902 4111 993 4172 430):1

414 4181 568 4233 schismatis
587 4200 703 4234 errorem
722 4190 803 4234 totum
821 4185 971 4249 eparyendo
987 4201 1038 4250 per
1056 4185 1145 4236 orbem

419 4256 493 4306 Unde
511 4274 592 4322 anper
609 4273 718 4322 reqnnm
735 4274 807 4307 nunc
826 4264 926 4308 constat
945 4274 1054 4326 carpere
1071 4275 1182 4326 requam

415 4329 450 4380 Et
468 4337 560 4381 contra
578 4338 679 4397 pentem
697 4330 771 4381 bellis
789 4331 927 4398 conflipcre
942 4340 1054 4397 pentem·
