2804 4830
238 364 271 415 78
419 366 468 415 ΒΕ
489 365 647 417 UNITATE
667 364 871 416 lechESIAs
893 363 1168 416 CONSERVANDA.

236 535 405 616 burgensis
436 531 589 598 ecclesiae
618 535 728 618 episco
752 504 1176 614 us‚Alt1hanPataviensis
1198 530 1353 597 ecclesiae

237 619 424 703 episcopus,
461 615 663 681 Adalberdus
740 618 946 682 ormaeiensis
983 614 1138 682 ecelesiae
1174 618 1354 702 episcopus,

236 701 421 767 Burcardus
450 699 724 766 Halberstatensis
752 701 908 768 ecclesiae
936 702 1043 787 episoo
1070 723 1117 784 us,
1147 701 1355 767 Werinherus

237 786 512 871 Merseburgensis
548 784 705 850 eeclesiae
740 808 757 850 e
782 787 924 885 iscopus,
962 723 1148 851 Guntherus
1185 784 1355 850 citicensis

238 869 393 936 ecclesiae
420 871 601 956 episcopus,
630 869 742 935 Benuo
800 871 970 935 isnrensis¹
992 869 1149 935 ecclesiae
1172 870 1353 956 episeopus,

237 954 447 1038 Hartwigusb
476 953 703 1020 Wirdunensis
732 953 888 1020 ecclesiae
918 955 1106 1041 episeopus,
1139 953 1355 1018 Herimannus

237 1039 389 1105 Metensis
422 1037 574 1104 ecclesiae
606 1040 789 1126 episcopus,
818 1038 1042 1125 Reginhardus
1075 1038 1155 1104 alter
1182 1038 1357 1102 Miudensis

230 1123 393 1189 ¹ecclesiae
417 1123 600 1210 episcopus,
622 1145 681 1208 per
699 1124 806 1188 studia
827 1125 967 1209 partium
989 1122 1268 1200 subintroductus,
1291 1121 1356 1186 Wi-

260 1207 304 1273 elt
332 1205 412 1272 alter
434 1210 601 1292 Augustae
623 1231 640 1272 e
665 1208 732 1272 isco
758 1229 806 1281 us,
828 1231 886 1293 per
907 1207 1014 1272 studia
1034 1209 1176 1293 partium
1198 1207 1355 1272 subintro-

236 1230 364 1373 fiuctus,
388 1290 599 1356 Gehehardus
620 1231 699 1356 aher
750 1293 975 1357 cnstantiensis
997 1291 1153 1357 ecclesiae
1176 1292 1358 1378 episcopus,

238 1398 296 1525 per
325 1375 431 1440 studia
458 1377 599 1460 partium
627 1375 899 1458 subintroductus,
929 1376 1113 1441 Henriohus
1137 1375 1219 1441 alter
1242 1375 1354 1440 Pader·

261 1460 450 1524 runnensisc
466 1482 482 1523 e
507 1462 647 1544 iscopus,
661 1482 721 1546 per
736 1461 842 1524 studia
852 1461 994 1546 partium
1008 1461 1286 1541 subintroductus,
1302 1459 1354 1525 sed

238 1567 279 1608 ne
300 1543 407 1609 adhuc
428 1483 558 1630 quibem
580 1545 734 1609 initiatus.

158 1645 229 1698 (3³1)
323 1630 374 1694 20.
417 1627 477 1692 Isti
500 1629 540 1694 15
561 1629 777 1714 praeferentes
806 1650 924 1692 nomen
951 1628 1123 1693 sacerdotii
1144 1650 1243 1714 saepe
1264 1637 1358 1692 antea

239 1713 415 1790 ammoniti,
438 1734 524 1776 nunc
545 1723 653 1778 autem
673 1711 865 1798 regulariter
885 1715 1001 1794 vocati,
1025 1715 1102 1798 quia
1123 1713 1297 1777 noluerunt
1317 1710 1357 1775 ad

238 1818 354 1883 pacem
376 1795 497 1862 Christi
519 1806 551 1862 et
571 1797 724 1863 ecclesiae
746 1798 872 1878 reverti,
895 1819 937 1861 ex
957 1799 1149 1862 auctoritate
1175 1797 1263 1862 sedis
1284 1817 1356 1881 apa·

237 1880 369 1946 stolicae
385 1889 459 1945 sunt
474 1882 589 1947 deiecti
611 1892 707 1969 atque
722 1882 864 1946 damnati
875 1893 900 1963 ¹5
916 1881 1012 1966 quod,
1035 1883 1119 1946 siout
1133 1881 1249 1945 scribit
1264 1880 1356 1948 Gela·

238 1967 325 2030 sius²
346 1987 442 2052 papa,
468 1999 522 2032 mors
541 1983 625 2032 solum
639 1983 763 2048 praesuli
782 1980 924 2047 apostolico
937 1981 1031 2048 facere
1051 1979 1118 2045 iicet,
1145 1981 1192 2032 sed
1211 1982 1356 2047 cuicunque

235 2055 355 2123 pontifici
374 2056 439 2119 licet,
458 2055 596 2121 quemlibet
611 2056 695 2106 locum
708 2056 826 2107 hereseos
839 2055 983 2105 secuudum
994 2055 1114 2122 reputem
1133 2063 1195 2106 aare
1213 2055 1356 2106 dausuatce

238 2157 256 2190 a
269 2138 399 2191 catholica
412 2138 591 2190 commuuione
603 2140 761 2191 auruum.
792 2122 912 2206 Magna
930 2121 1060 2208 quidem
1079 2121 1201 2187 heresis
1219 2133 1278 2205 est,
1295 2122 1356 2186 Dei

238 2209 386 2271 resistere
408 2205 611 2288 ordinationi,
633 2207 724 2270 cuius
746 2205 843 2270 solius
866 2215 914 2270 est
934 2215 1077 2291 potestas
1099 2205 1199 2271 dandi
1219 2207 1355 2292 imperii,

239 2297 285 2362 qui
310 2297 358 2348 dat
375 2294 532 2363 felicitatem
555 2296 584 2346 irs
607 2313 687 2362 reque
706 2297 837 2348 caeloram
856 2297 918 2348 solis
932 2295 996 2364 piis,
1016 2313 1125 2363 requam
1143 2313 1206 2349 uero
1225 2303 1357 2349 terrenum

240 2376 264 2421 et
283 2368 340 2435 piis
364 2378 388 2421 et
413 2367 509 2434 impiis,
536 2368 603 2419 sicat
625 2369 650 2420 ei
669 2371 766 2434 placet,
791 2369 835 2420 cui
859 2370 929 2421 mihil
953 2371 1049 2422 iniuste
1069 2370 1166 2436 placet.
1207 2369 1262 2432 Qus·
1280 2369 1354 2431 euim,

239 2437 345 2522 inquit
365 2436 564 2520 Augustinus
572 2445 595 2515 ³,
617 2468 725 2518 requam
744 2450 817 2503 dedit
836 2453 933 2515 Mario,
959 2452 1016 2518 ipse
1041 2459 1065 2505 et
1084 2453 1147 2505 Ouio
1167 2452 1287 2518 Caesari,
1313 2451 1357 2520 qui

240 2524 369 2593 Auqusto,
387 2525 444 2591 ipse
464 2531 488 2577 et
507 2522 617 2587 Neroni,
636 2524 682 2589 qui
707 2523 875 2589 Vespasiauis
898 2526 942 2577 uel
954 2524 1030 2591 patri
1048 2527 1092 2578 uel
1101 2527 1170 2592 filio,
1190 2524 1356 2579 suavissimis

240 2600 452 2665 imperatoribus,
476 2597 533 2664 ipse
558 2603 583 2649 et
605 2597 759 2648 Domitiano
784 2596 972 2666 crudelissimo,
999 2608 1022 2651 et
1044 2616 1077 2650 ue
1098 2616 1151 2666 per
1175 2601 1294 2667 stapulas
1318 2599 1356 2651 r're

240 2698 342 2733 necesse
361 2680 403 2744 sit,
423 2681 469 2746 qui
488 2679 657 2732 Constantius
677 2679 829 2745 christiano,
848 2681 904 2747 ipse
919 2690 1057 2748 apostatae
1072 2682 1191 2734 Iuliano.
1227 2667 1357 2752 Magna,

240 2751 382 2835 inquam,
411 2748 531 2813 heresis
554 2758 612 2829 est,
633 2747 696 2812 Dei
719 2747 913 2813 ordinationi
934 2749 1092 2832 resistere,
1121 2749 1210 2835 quod
1231 2761 1357 2817 constat

241 2833 475 2918 suprascriptos
492 2833 544 2897 15>
570 2831 838 2932 seudoepiscopos
856 2833 982 2915 fecisse,
1005 2833 1080 2897 dum
1103 2834 1268 2900 destruere
1282 2837 1358 2900 nite·

240 2916 358 2982 bantur
384 2940 519 3002 regnum
581 2916 704 2982 enrich1
732 2918 818 3003 regis
847 2941 867 2983 a
893 2918 966 2982 Deo
993 2917 1056 2982 sibi
1088 2917 1251 3001 collatum,
1284 2922 1359 2985 resi-

241 3002 353 3066 utendo
381 3003 410 3066 ei
436 3012 533 3088 atque
562 3002 770 3089 repugnando
793 3002 958 3090 usquead
981 3002 1170 3092 effusionem
1194 3005 1359 3090 sanguinis

240 3085 412 3151 multorum
444 3087 618 3151 hominum.
672 3086 726 3150 Ex
757 3086 819 3151 hac
851 3085 1071 3151 crudelissima
1102 3084 1209 3152 heresi
1240 3090 1360 3154 multae

239 3172 367 3236 hereses
388 3183 420 3236 et
435 3173 586 3235 scismata
601 3181 806 3253 emerserunt,
827 3182 864 3236 ut
884 3193 945 3235 nec
967 3171 1095 3236 divinae
1115 3193 1176 3236 nec
1199 3171 1359 3239 humanae

239 3254 327 3355 leges
344 3257 516 3343 quicquam
538 3277 624 3318 nunc
644 3253 772 3320 valeant
792 3257 881 3342 apud
901 3254 973 3320 illos
994 3255 1046 3322 vel
1068 3265 1178 3320 eonha
1199 3257 1282 3342 illos,
1303 3259 1358 3346 qui

239 3341 348 3427 inique
370 3349 478 3426 agunt,
506 3339 572 3424 qui,
595 3338 672 3402 dum
701 3361 861 3426 nusquam
889 3363 954 3405 non
983 3362 1106 3406 errasse
1128 3351 1357 3425 monstrantur,

239 3426 435 3490 sacrosancti
463 3445 533 3487 esse
560 3421 647 3507 apud
680 3445 754 3487 suos
781 3424 1014 3508 describuntur,
1044 3448 1064 3490 a
1088 3426 1134 3490 ud
1166 3448 1247 3511 quos
1277 3426 1357 3493 nihil

239 3511 342 3573 sancti
368 3507 419 3574 vel
446 3508 529 3571 sacri
555 3505 743 3573 inviolatum
764 3517 900 3575 tenetur.
944 3511 1048 3575 Pracv
1080 3510 1128 3574 uit
1149 3511 1247 3575 etiam
1270 3512 1358 3598 apud

239 3681 261 3734 a)
277 3684 412 3723 Misinsnsis
429 3684 449 3722 1.
510 3679 534 3731 b)
550 3681 693 3730 Hsrtvrngus
710 3685 727 3722 1,
790 3680 811 3734 c)
827 3684 883 3725 Pod.
902 3686 923 3726 1.

240 3816 266 3877 1)
292 3816 344 3877 Qui
364 3814 485 3880 episcopi
510 3815 538 3864 in
563 3813 638 3866 locos
665 3815 850 3868 damnatorum
875 3818 950 3869 iussu
974 3818 1142 3884 imperatoris
1166 3820 1357 3885 successerint,

238 3888 400 3938 Waltramus
420 3903 473 3939 non
487 3894 689 3940 commemorat.
716 3889 770 3940 Sed
784 3889 931 3942 secuudum
945 3891 1030 3943 Gesta
1042 3892 1103 3943 abb.
1117 3891 1236 3944 Trudcn.
1249 3892 1312 3958 (SS.
1322 3893 1358 3957 X,

238 3979 264 4027 p.
286 3958 352 4026 240)
372 3961 459 4013 Gualo
479 3963 586 4028 quidam
607 3963 772 4013 Herimaunc
792 3965 919 4016 Mettensi
938 3966 1127 4028 succurritis
1146 3966 1236 4018 locum
1250 3967 1357 4017 Werin-

237 4035 295 4084 heri
314 4035 431 4086 Merseb.
450 4037 525 4086 veuit
542 4037 620 4102 Eppo
640 4033 716 4102 (Chr.
736 4053 797 4104 epp.
817 4037 943 4102 Merseb.‚
963 4038 1012 4090 SS.
1029 4038 1199 4106 x‚p.184),
1218 4041 1248 4090 In
1265 4039 1357 4091 locum

237 4107 374 4158 Alemanni
393 4109 486 4160 Patuv.
506 4111 580 4160 venit
599 4110 788 4174 Herimaunus‚
812 4111 895 4163 freter
913 4111 989 4163 ducis
1008 4112 1130 4163 Liutoldi
1155 4112 1198 4175 (V.
1217 4113 1357 4165 Altmanui

239 4197 261 4233 c.
283 4182 325 4245 15,
352 4181 400 4232 SS.
419 4182 483 4246 ΧΙΙ,
507 4201 535 4250 p.
557 4183 633 4247 234).
671 4185 784 4235 Nomina
807 4183 920 4235 aliorum
944 4189 972 4236 in
993 4184 1064 4238 Anu.
1084 4186 1200 4238 Wireeb.
1228 4192 1257 4238 et
1275 4188 1304 4238 in
1322 4188 1357 4240 V.

238 4254 391 4305 Geheharrii
410 4271 482 4307 succ.
498 4256 731 4309 saturauimus.
790 4256 819 4325 2)
832 4260 921 4311 Manui
934 4259 1013 4323 VIII,
1029 4277 1054 4326 p.
1068 4259 1111 4310 17.
1167 4259 1196 4325 3)
1210 4260 1251 4314 Gi.
1264 4263 1356 4328 Augu·

236 4328 299 4379 utini
318 4328 408 4395 Opera
426 4329 489 4389 VII,
508 4347 534 4397 p.
556 4328 617 4381 138.
