2812 4830
227 373 277 424 DE
297 374 455 426 UNITATE
475 376 679 428 uocLusms
701 376 976 430 conssssvsuns.
1141 376 1176 428 75

54 550 90 608 et
104 541 229 626 legeret
250 541 424 627 capitulum
446 542 631 629 quoddam·
653 565 695 608 ex
709 544 844 610 decretis
859 545 1075 609 Romanorum
1097 567 1175 630 pon·
1187 571 1255 615 ross.

57 626 194 696 tificum.
224 624 269 690 At
289 625 342 691 ille
364 628 504 692 surrexit
525 640 557 692 et
577 626 664 712 legit,
686 629 847 715 quomodo
861 629 958 693 rebus
981 630 1047 693 suis
1061 627 1176 716 aliquis

52 710 238 798 expoliatus
267 719 322 774 aut
350 732 371 774 a
399 711 474 776 sede
503 713 634 797 propria
660 713 692 777 vi
728 723 783 777 aut
811 721 932 777 terrore
961 713 1074 799 pulsus
1110 734 1176 777 non

55 805 163 882 potest
177 795 331 876 accusem,
350 796 469 877 vocari,
492 794 628 860 iudicari
642 806 698 861 aut
713 796 868 878 damnari,
883 806 1054 896 antequam
1070 798 1176 884 omnia

53 878 120 944 sibi
146 877 255 944 ablata
281 902 323 944 ex
352 879 478 1028 intepro
506 881 714 945 restituantur
743 891 775 946 et
801 901 983 945 cumomni
1006 880 1175 980 privilegio

53 985 115 1028 suo
129 963 180 1027 ius
194 964 361 1049 proprium
381 987 416 1029 re
431 974 582 1043 armetur,
604 966 719 1050 etipse
734 964 870 1050 pacifice
893 965 948 1029 diu
971 987 1037 1029 suis
1051 966 1176 1030 fruatur

53 1047 251 1129 honoribus,
283 1048 433 1133 propriae
465 1048 533 1112 sedi
566 1047 755 1133 regulariter
789 1050 964 1114 restitutus.
1016 1048 1112 1129 Quod
1145 1059 1176 1114 et

55 1131 237 1197 Nicasnum
270 1132 435 1198 constituit
467 1130 649 1215 concilium,
681 1146 716 1197 ut
743 1155 837 1197 nemo
867 1132 1055 1218 pontificum
1083 1154 1176 1219 prae-

53 1224 171 1297 sumat,
201 1214 340 1301 aliquem
369 1217 435 1282 suis
458 1216 657 1302 expoliatum
686 1217 782 1282 rebus
810 1217 1091 1282 excommunicare
1118 1226 1175 1281 aut

54 1299 211 1364 iudicare.
254 1298 316 1373 Ad,
335 1298 415 1364 hacc
448 1321 522 1364 cum
549 1299 760 1365 obmutuisset
782 1299 991 1365 Gebehardus
1014 1299 1176 1366 saltzbur-

54 1384 167 1470 vgensis
190 1381 344 1448 ccclesiae
366 1385 638 1470 archiepiscopus,
661 1387 717 1471 qui
739 1406 869 1449 causam
891 1385 1044 1449 adversae
1074 1385 1176 1470 partis

58 1478 127 1532 erat
153 1479 294 1549 acturus,
324 1476 434 1554 utpote
463 1468 550 1553 apud
580 1491 655 1533 suos
684 1471 825 1534 maxime
846 1469 899 1533 vel
918 1471 989 1554 ipsa
1013 1477 1177 1534 senectute

56 1574 118 1616 sua
149 1550 203 1616 vel
235 1553 368 1616 seientia
400 1555 631 1617 scriturarum
659 1554 728 1617 sive
757 1553 806 1618 elo
831 1554 940 1618 uentia
971 1552 1177 1635 reverendus,

58 1646 129 1700 tum
161 1635 292 1722 quidem
327 1635 434 1701 intulit
511 1637 674 1702 erinherus
709 1575 985 1722 Mersdburgensis
1022 1636 1177 1702 ecclesiae

57 1721 242 1806 episeopus,
265 1719 322 1785 ubi
342 1721 376 1783 in
398 1719 575 1785 canonibus
596 1722 750 1806 scriptum
773 1730 856 1785 esset
877 1721 999 1808 aliquid
1021 1720 1178 1785 eiusmodi

58 1802 98 1869 de
126 1803 358 1868 mulieribus?1
390 1804 435 1869 Et
456 1805 639 1869 Wezelinus
661 1805 921 1890 archiepiscopus
943 1806 1110 1890 porrigens
1132 1807 1178 1869 eis

59 1885 194 1952 librum:
218 1887 333 1971 ‘Ecce',
356 1889 469 1975 inquit,
491 1891 564 1974 ‘ipsi
578 1889 674 1974 legite
696 1910 894 1974 consequens
915 1889 1009 1952 huius
1024 1891 1072 1953 rei
1093 1889 1178 1953 testi-

58 1972 214 2051 monium,
237 1971 397 2057 quomodo
419 1972 494 2037 huic
517 1994 645 2059 quoque
666 1975 759 2036 sexui
782 1994 800 2037 o
827 1982 928 2037 orteat
949 1974 1069 2038 iustum
1096 1971 1177 2036 iudi·

58 2057 145 2120 cium
172 2055 251 2138 fieri,
280 2065 312 2121 et
340 2057 501 2142 quomodo
531 2080 570 2122 ne
599 2055 714 2122 mulier
742 1996 871 2144 quidem
901 2057 1017 2123 debeat
1044 2056 1177 2121 obiectis

59 2140 265 2226 respondere,
288 2139 390 2205 donec
405 2142 608 2226 permittatur
629 2141 669 2222 ei,
690 2163 758 2206 rem
780 2140 968 2205 familiarem
990 2139 1090 2205 libere
1105 2139 1176 2203 diu-

58 2225 125 2289 tius
139 2224 325 2289 ordinare’2.
353 2225 437 2289 Tum
454 2246 563 2290 omnes
585 2224 737 2291 adversae
760 2227 859 2311 partis
880 2226 1026 2311 episcopi
1046 2226 1091 2288 ita
1105 2234 1178 2288 sunt

60 2307 191 2372 confusi
206 2316 238 2373 et
258 2310 303 2372 ita
318 2309 449 2391 devicti,
472 2319 508 2373 ut
528 2331 593 2373 non
614 2309 776 2392 haberent,
798 2309 876 2395 quid
898 2308 940 2372 ad
955 2309 1035 2373 haec
1048 2329 1178 2394 respon-

59 2391 135 2456 dere
150 2400 291 2479 possent,
313 2404 461 2458 manente
483 2393 569 2478 apud
591 2392 759 2458 ecclesiam
774 2393 837 2458 Dei
858 2394 1004 2474 victoria,
1027 2393 1178 2479 quoniam

60 2476 263 2541 obstructum
292 2486 340 2540 est
367 2498 402 2541 cs
422 2475 621 2563 loquentium
641 2479 761 2564 iniqua.
807 2476 872 2542 Sed
892 2477 966 2542 binc
987 2475 1180 2543 resonabant
1188 2496 1338 2548 crescam.

59 2559 174 2625 laudes
196 2561 278 2642 Deo,
307 2559 394 2625 illinc
423 2571 530 2626 autem
556 2571 625 2626 erat
652 2584 796 2626 murmur
821 2560 940 2625 multus
966 2563 1001 2625 in
1021 2561 1116 2625 turba
1138 2560 1178 2624 de

60 2665 208 2710 sermone
229 2643 294 2708 illo.
331 2644 484 2727 ‘Quidam
506 2647 591 2710 enim
613 2646 772 2729 dicebant,
795 2647 883 2732 quia:
909 2646 1021 2710 Bonus
1042 2654 1100 2727 est,
1123 2644 1178 2709 alii
1188 2669 1237 2710 Ioh.
1249 2670 1269 2720 r,
1280 2668 1315 2711 ιε.

60 2737 171 2792 autem
193 2728 360 2793 dicebant:
389 2729 472 2812 Non,
495 2729 552 2794 sed
575 2731 699 2795 seducit
719 2730 848 2795 turbas'.
892 2729 987 2794 Unde
1008 2730 1094 2796 facta
1116 2729 1178 2793 dis-

60 2813 208 2879 sensione
229 2814 313 2878 inter
330 2813 419 2898 ipsos
441 2815 539 2878 etiam
559 2815 662 2899 princi
687 2837 721 2878 es
744 2815 899 2893 adversae
920 2815 1031 2900 partis,
1054 2814 1179 2878 occisus

61 2907 112 2961 est
142 2896 190 2960 ibi
220 2897 450 2962 Thiederichus
483 2919 598 2981 comes,
630 2838 753 2964 habens
789 2901 822 2962 in
850 2899 1000 2983 coniugio
1037 2919 1179 2962 sororem

59 2979 220 3080 Egberthi
241 2981 451 3065 marchionis,
474 3004 570 3068 quem
603 3004 678 3046 cum
710 2982 790 3047 alter
822 2981 1063 3064 Thiedericbus,
1101 3003 1179 3045 suus

61 3065 186 3130 sedicet
217 3074 384 3150 cognatus,
415 3068 575 3153 coepisset
601 3065 781 3148 defendere,
811 3068 935 3130 occisus
963 3075 1012 3129 est
1039 3076 1071 3131 et
1098 3066 1178 3150 ipse.

61 3150 107 3213 Et
140 3157 235 3231 certe,
267 3151 330 3213 nisi
361 3151 439 3234 fuga
474 3151 643 3236 eripuisset
677 3150 827 3215 Udonem
862 3149 1178 3214 Hildinisheimensis

61 3231 218 3298 ecclesiae
246 3234 437 3320 episcopum
464 3244 496 3300 et
523 3235 655 3299 fratrem
677 3236 745 3317 eius
769 3234 996 3300 Ohuonradum
1018 3235 1178 3315 comitem,

60 3318 126 3404 ipsi
148 3319 269 3402 pariter
290 3319 515 3384 occubuissent
536 3342 593 3404 per
614 3341 731 3382 manus*
747 3319 947 3405 operantium
968 3318 1179 3405 iniquitatem,

61 3402 120 3487 qui
147 3401 242 3466 ambo
270 3403 371 3467 multa
398 3402 577 3488 posthaec
605 3404 693 3488 passi
722 3411 796 3468 sunt
816 3404 951 3467 adversa
972 3425 1031 3488 per
1051 3403 1180 3487 provin-

60 3483 160 3550 ciales
181 3486 306 3571 patriae
327 3509 415 3567 suae,
438 3486 560 3552 scilicet
582 3486 753 3569 Saxoniae,
776 3488 852 3573 quia
873 3486 1042 3552 noluerunt
1063 3486 1180 3551 reverti

60 3569 105 3656 ad
131 3579 240 3656 partes
270 3570 418 3635 factionis
448 3592 524 3635 suae
532 3581 555 3638 ³.
597 3571 650 3634 Ad
677 3582 855 3637 extremum
879 3593 955 3636 vero
987 3572 1110 3635 occisus
1133 3579 1181 3634 est

62 3759 86 3813 a>
103 3761 198 3811 quidem
216 3764 240 3810 13
256 3762 374 3800 emendavit
391 3761 487 3804 comme.

63 3902 91 3970 1)
111 3905 190 3954 Haec
210 3907 333 3970 quaestio
353 3921 370 3954 a
387 3904 536 3955 Waltramo
556 3910 616 3971 post
635 3909 759 3955 eventum
779 3902 842 3953 ficta
859 3903 964 3954 videtur
983 3920 1052 3955 esse.
1090 3903 1181 3970 Magis

60 3977 231 4044 probandum
250 3982 299 4041 cst,
318 3977 390 4044 quod
409 3979 477 4029 Ann.
495 3978 622 4044 Magdeb.
640 3979 753 4028 habent:
774 3975 921 4042 captiosum
940 3976 988 4027 boc
1006 3993 1054 4028 aec
1071 3977 1181 4029 univer·

60 4050 153 4102 solitar
173 4067 263 4101 oerum
281 4050 328 4113 (ef.
349 4051 398 4103 SS.
417 4052 491 4114 XVI,
509 4068 536 4117 p.
551 4049 626 4117 176).
681 4052 709 4115 2)
730 4049 772 4101 Cf.
790 4051 900 4101 Deerat.
915 4051 1116 4102 Pseudoisidcr.
1137 4050 1180 4103 ed.

61 4124 210 4176 Hinscbins
229 4141 256 4190 p.
269 4123 325 4174 1ss
372 4123 402 4190 3)
416 4124 579 4176 Waltramus
598 4123 670 4175 solus
691 4140 724 4175 ex
739 4122 862 4174 omnibus
881 4124 1055 4188 scriptoribus
1073 4123 1181 4174 illorum

62 4202 212 4265 temporum
232 4213 275 4248 res
293 4198 321 4247 in
339 4197 387 4249 illo
407 4203 540 4249 conventu
558 4203 649 4262 gestas
668 4197 875 4248 adsentantium
894 4198 1062 4261 imperatoris
1080 4202 1181 4256 narrat,

63 4272 175 4338 eiusque
188 4271 279 4322 verbis
293 4273 409 4322 maxima
423 4271 491 4322 fides
506 4271 632 4321 habenda
645 4277 686 4322 est
703 4277 853 4336 propterea,
873 4271 944 4335 quod
963 4270 1021 4335 ipse
1036 4271 1183 4320 conventui

64 4345 216 4397 interfuisse
243 4343 356 4409 videtur,
381 4349 408 4395 et
432 4344 504 4411 quod
529 4345 585 4395 eius
611 4343 687 4395 unius
707 4343 790 4394 verba
809 4359 861 4393 non
881 4348 1001 4410 pugnant
1020 4359 1081 4393 cum
1100 4342 1180 4393 rebus
