2812 4830
235 347 271 397 32
418 346 469 396 DE
489 346 645 398 UNITATE
665 345 868 397 ECCLESIAE
890 344 1165 396 CONSERVANDA.

91 541 197 592 1.10h.4,
207 529 348 591 &iustitia
367 537 391 580 et
409 545 500 579 sumus
513 535 597 578 muter
611 525 737 578 iustitiae.
768 512 881 577 Omnis
896 520 1004 577 aulem
1019 514 1170 596 spiritus,
1187 517 1248 599 qui
1263 516 1356 581 abivit

238 599 352 678 Iesum,
368 619 408 660 cu
419 596 489 660 Deo
504 619 570 660 uou
583 603 638 675 est,
654 604 682 656 et
696 596 748 659 bic
763 607 808 661 eat
820 598 1053 675 Antichristus,
1069 598 1109 667 de
1120 621 1184 683 quo
1201 600 1355 682 audistis,

259 683 395 746 uouiam
410 682 497 744 veuit
517 688 546 743 et
559 702 648 742 uuuc
668 681 736 742 ium
750 682 786 745 iu
800 682 922 746 muudo
938 691 1000 762 cst,·
1024 681 1108 745 sicut
1129 681 1210 746 dicit
1227 693 1356 748 sanctus

93 790 226 842 1.1011.r,1.
236 704 396 829 lohannes
410 761 585 848 apostolus:
608 764 747 846 Ideoque
758 766 896 849 probate
911 789 926 829 s
951 767 1059 845 icitur,
1074 768 1105 830 si
1119 789 1160 830 erc
1176 767 1248 830 Deo
1269 777 1353 832 suut.

237 849 374 934 Scripsit
390 851 475 911 enim
490 845 681 911 Hildebrant
700 869 795 933 papa,
817 870 914 912 secun
937 871 991 912 um
1012 848 1098 934 quod
1117 871 1218 934 supra
1234 850 1354 916 dictum

236 942 315 1012 est1,
330 931 528 996 Herimanno
541 930 676 995 Metensi
691 933 854 1017 episcopo,
871 931 957 1019 quod
968 933 1038 1019 ipse
1053 932 1203 1018 exemplo
1219 933 1355 1000 alicuius

235 1016 371 1081 Romani
389 1015 550 1100 pontificis
579 1024 771 1100 potestatem
792 1016 939 1081 habuerit
960 1015 1083 1081 solvere
1107 1040 1127 1081 a
1150 1029 1352 1084 sacramento

234 1100 396 1187 principes
407 1101 507 1185 regni,
520 1100 618 1162 immo
630 1099 753 1164 solvere
763 1101 797 1163 in
808 1101 847 1164 iis
859 1110 1102 1175 sacramentum,
1117 1122 1182 1186 quo
1195 1101 1296 1166 fidem
1307 1101 1354 1167 vel

234 1195 366 1271 pactum
388 1187 600 1269 promiserant
614 1184 684 1267 regi
698 1205 766 1247 suo.
805 1184 1012 1265 Miseremini,
1034 1206 1052 1248 o
1077 1186 1247 1271 principes
1265 1188 1351 1272 regni

235 1267 390 1349 caelestis,
405 1267 544 1354 populus
556 1266 629 1348 Dei,
649 1269 676 1330 si
691 1276 798 1332 tamen
813 1268 888 1333 estis
905 1267 1041 1354 pacifici,
1056 1279 1088 1333 et
1102 1269 1130 1332 si
1144 1271 1222 1334 estis
1238 1273 1275 1334 in
1290 1273 1352 1334 uni-

233 1364 298 1418 tate
313 1351 466 1417 ecelesiae
478 1352 551 1432 Dei,
566 1372 633 1432 vos,
646 1351 787 1436 inquam,
801 1353 1005 1434 miseremini,
1018 1352 1115 1416 immo
1126 1353 1351 1438 indignemini,

235 1437 322 1523 quod
343 1436 526 1499 aestimavit
546 1456 605 1499 vos
627 1433 699 1498 talis
720 1437 884 1517 momenti,
906 1446 943 1500 ut
963 1446 1100 1522 putaret,
1122 1459 1181 1501 vos
1203 1441 1351 1524 possein

234 1520 316 1584 hanc
339 1519 529 1584 sententiam
550 1518 677 1598 adduci,
699 1528 736 1583 ut
749 1518 783 1584 id
805 1521 892 1606 quod
912 1541 977 1584 non
992 1530 1098 1605 potest
1119 1519 1189 1585 fieri
1212 1523 1352 1588 credatis

234 1626 330 1690 posse
351 1603 429 1666 fieri.
469 1603 553 1666 Nam
575 1612 808 1668 sacramentum
830 1605 947 1669 dicitur
969 1626 1096 1690 quoque
1117 1605 1351 1689 iusiurandum,

235 1697 267 1753 et
288 1695 523 1752 sacramentum
545 1687 666 1751 dictum
689 1696 737 1752 est
758 1689 800 1752 ab
822 1711 871 1770 eo,
893 1689 979 1774 quod
1002 1690 1043 1753 sit
1065 1711 1191 1753 sacrum
1217 1692 1350 1776 signum,

235 1782 280 1853 ut,
301 1771 378 1835 dum
399 1769 566 1836 visibiliter
586 1771 807 1835 iusiurandum
829 1773 943 1857 agitur,
966 1772 1134 1837 invisibilis
1154 1775 1204 1838 rei
1227 1797 1350 1840 sacrum

119 1875 163 1914 που.
172 1875 194 1927 4,
203 1876 224 1916 r.
234 1857 361 1939 signum
382 1854 588 1942 intelligatur.
627 1855 760 1920 Iurabis
776 1859 870 1938 euim,
891 1857 997 1943 inquit
1017 1856 1187 1938 Dominus,
1210 1861 1248 1923 iu
1272 1863 1349 1925 oeri-

234 1949 304 2021 tate,
325 1943 362 2005 iu
377 1941 501 2006 iudicio
523 1952 552 2004 et
565 1942 603 2004 iu
619 1941 758 2005 iustitia.
792 1940 873 2020 Quis
888 1941 972 2004 enim
994 1949 1101 2026 potest
1121 1939 1203 2005 haee
1221 1942 1350 2025 solvere,

257 2045 336 2106 uae,
372 2024 456 2088 sieut
487 2022 654 2109 psalmista
686 2026 746 2105 ait,
780 2034 854 2089 sunt
890 2047 989 2110 opera
1024 2046 1178 2089 manuum
1216 2037 1351 2109 tuarum,

270 2109 400 2172 omine?
449 2107 558 2191 Opera
587 2131 744 2173 uuuuuru
776 2111 857 2190 cius,
885 2110 990 2195 inquit
1016 2107 1192 2194 psalmista,
1220 2114 1351 2194 ocutus,

73 2216 165 2270 runo,
174 2219 194 2259 r.
203 2219 223 2258 s.
233 2194 393 2257 iudicium
400 2215 412 2273 ,·
433 2193 553 2274 fidelia
582 2195 692 2256 omuiu
714 2195 877 2257 muudutu
899 2195 971 2257 cius
993 2194 1200 2275 confirmavit
1221 2197 1258 2259 iu
1282 2219 1349 2261 suc-

234 2276 343 2340 culum
364 2275 498 2355 saeculi,
512 2275 615 2360 facta
637 2278 674 2338 iu
696 2279 830 2340 ueritate
852 2288 881 2341 et
898 2279 1070 2362 aequitate.
1104 2278 1215 2362 Opera
1230 2281 1351 2366 quippe

232 2360 359 2424 virtutis
373 2358 437 2422 Dei
459 2369 534 2423 sunt
548 2361 677 2439 veritas,
697 2359 855 2423 iudicium
877 2369 908 2424 et
921 2361 1050 2443 iustitia,
1074 2370 1105 2425 et
1118 2360 1228 2434 fidelia
1244 2365 1350 2428 omnia

232 2443 384 2508 mandata
406 2443 473 2506 eius
495 2452 578 2524 sunt,
602 2463 685 2527 quae
699 2465 764 2507 non
777 2445 941 2510 variantur
960 2466 1064 2531 neque
1079 2455 1253 2530 mutantur,
1278 2470 1351 2534 quo-

232 2527 320 2589 niam
335 2525 521 2590 confirmata
541 2526 574 2589 in
590 2525 751 2591 saeculum
766 2527 885 2593 saecrdi
907 2551 965 2615 per
985 2529 1125 2593 humana
1145 2528 1248 2595 verba
1266 2531 1351 2595 nullo

232 2610 328 2674 modo
351 2609 525 2691 solvuntur,
548 2632 631 2698 quae
652 2611 752 2675 verbo
768 2612 832 2676 Dei
854 2613 1090 2695 confirmantur,
1112 2613 1199 2678 facta
1221 2617 1257 2678 in
1271 2617 1351 2681 veri-

232 2702 297 2760 tate
324 2705 356 2759 et
382 2695 551 2782 aequitate.
595 2695 720 2760 Veritas
748 2697 832 2760 enim
861 2706 918 2776 est,
945 2719 1008 2782 qua
1030 2696 1116 2760 dicta
1138 2697 1350 2783 complentur,

232 2780 388 2865 aequitas,
418 2801 482 2865 qua
509 2781 591 2843 iuste
617 2778 831 2864 proferuntur,
859 2780 1013 2845 iudicium
1035 2802 1111 2845 vero
1134 2791 1191 2863 est,
1215 2805 1279 2868 quo
1301 2783 1350 2848 vel

232 2863 335 2926 iustus
361 2861 412 2926 vel
441 2864 575 2927 iniustus
602 2863 729 2948 utrique
758 2886 817 2949 pro
845 2865 965 2929 meritis
998 2865 1064 2928 suis
1096 2875 1348 2936 remunerantur,

234 2945 310 3010 Sive
330 2947 484 3010 iudicium
506 2946 632 3030 dicitur,
653 2947 745 3013 iuxta
767 2948 854 3035 quod
876 2951 909 3011 in
930 2947 1013 3012 libro
1034 2949 1121 3014 beati
1135 2949 1196 3013 Iob
1215 2948 1245 3016 le
1271 2952 1348 3016 'turz

87 3031 396 3114 roo.sr,1r.Nuuquid
429 3034 486 3117 qui
518 3056 584 3098 uou
618 3042 707 3096 amat
739 3034 899 3097 iudicium
932 3034 1052 3097 sanari
1078 3033 1205 3116 potest?
1288 3035 1349 3099 nde

232 3125 361 3180 sanetus
389 3137 476 3202 papa
504 3116 694 3201 Gregorius:
726 3130 805 3182 Amat
827 3130 964 3194 iudicium,
990 3117 1124 3202 lnqult²,
1153 3134 1273 3198 quisquis
1292 3132 1349 3184 uias

231 3222 295 3256 suas
307 3206 437 3258 subtiliter
451 3206 566 3268 discutit,
585 3214 609 3257 et
627 3204 796 3256 secretarium
809 3205 894 3256 cordis
909 3205 1051 3273 inpressas,
1071 3206 1136 3272 quid
1148 3205 1282 3259 Dominus
1299 3206 1350 3273 ipsi

231 3280 339 3342 tribuat,
359 3279 425 3346 quid
442 3279 498 3344 ipse
510 3278 626 3330 Domiuo
645 3277 746 3340 debeat,
760 3286 865 3341 pausat.
907 3278 970 3330 Tale
987 3278 1115 3330 iudicium
1134 3281 1181 3344 qui
1198 3297 1254 3331 riou
1270 3289 1349 3343 amat,

116 3378 220 3431 renus.
231 3361 354 3428 uunquid
367 3363 461 3412 sanari
474 3359 581 3425 potest?
612 3345 744 3409 Iurabis
760 3347 854 3427 euim,
873 3345 919 3410 ait
933 3345 1103 3425 Dominus,
1120 3349 1158 3411 iu
1173 3351 1307 3413 ueritate
1322 3358 1350 3411 et

231 3432 268 3494 iu
288 3430 413 3494 iudicio
435 3438 464 3491 et
482 3428 621 3492 iustitia.
655 3429 706 3492 De
728 3426 844 3514 quibus
867 3431 895 3494 si
916 3428 1033 3516 aliquis
1055 3429 1176 3494 solutus
1199 3431 1298 3496 fuerit
1319 3440 1349 3496 et

231 3512 310 3577 nihil
331 3512 446 3576 horum
467 3510 616 3576 habuerit
633 3511 684 3576 vel
705 3513 869 3595 amaverit,
893 3513 971 3661 Ἱιιὶᾶ
992 3524 1067 3579 tune
1084 3514 1168 3579 erit?
1198 3515 1347 3581 Profecto

231 3596 372 3661 mendax
390 3606 421 3660 et
440 3595 586 3659 iniustus.
616 3595 743 3662 Veritas
761 3598 880 3683 quippe
915 3599 1043 3684 oquitur
1064 3599 1097 3661 in
1117 3599 1286 3683 euangelio
1309 3599 1347 3664 de

95 3705 220 3758 10h.8,44.
232 3679 374 3745 diabolo:
396 3678 466 3760 lile,
489 3679 644 3766 inquiens,
667 3682 831 3745 boucicidu
846 3692 917 3745 erut
940 3683 979 3746 ub
994 3685 1090 3748 iuitio
1113 3691 1142 3746 et
1162 3684 1348 3749 inveritate

231 3789 299 3830 uou
321 3767 415 3843 stetit,
438 3766 518 3847 quia
540 3767 660 3828 veritus
682 3789 749 3829 uou
771 3774 818 3830 est
839 3767 876 3829 iu
898 3788 943 3831 eo.
990 3767 1069 3832 Ouru
1090 3767 1237 3852 loquitur
1265 3792 1348 3832 meu·

233 3850 376 3928 dacium,
398 3870 438 3910 ccc
452 3849 604 3932 propriis
623 3848 777 3933 loquitur,
800 3851 881 3931 quia
895 3852 1039 3914 uscudarc
1054 3861 1109 3932 est,
1132 3852 1186 3931 ait,
1210 3860 1239 3915 et
1248 3861 1349 3936 puter

233 3936 313 4012 cius,
335 3930 369 3994 id
391 3940 439 3995 est
459 3931 559 4078 ipsius
584 3931 752 3995 mendacii.
793 3932 997 3997 Mendacium
1020 3956 1114 3998 suum
1135 3935 1205 4018 ipse
1226 3936 1347 4020 genuit,

230 4038 250 4078 a
271 4015 397 4078 nemine
418 4036 460 4079 au
483 4015 551 4078 ivit.
584 4015 754 4096 Quomodo
773 4016 863 4081 Deus
884 4017 981 4084 Pater
1001 4019 1112 4104 genuit
1133 4017 1252 4082 Filium
1267 4022 1347 4085 veri·

230 4106 338 4181 tatem,
366 4100 412 4162 sic
441 4097 588 4163 diabolus
616 4098 725 4186 lapsus
753 4102 864 4185 genuit
891 4104 984 4187 quasi
1010 4102 1111 4166 filium
1132 4103 1348 4167 mendacium.

232 4183 319 4268 Ergo
341 4183 457 4247 veritas
480 4191 529 4248 est
542 4183 615 4264 Dei,
638 4183 694 4247 sed
709 4184 913 4248 mendacium
927 4194 975 4250 est
996 4184 1125 4266 diaboli,
1148 4196 1181 4250 et
1202 4189 1348 4273 quisquis

233 4328 259 4390 l)
280 4327 321 4380 cf.
341 4344 364 4380 c.
378 4329 404 4378 4.
461 4326 491 4393 2)
512 4328 634 4393 Gregorii
645 4329 741 4380 Moral.
761 4331 860 4394 XXIV,
875 4331 919 4393 24,
939 4332 1007 4397 opp.
1029 4330 1070 4382 ed.
1085 4331 1187 4386 Bened.
1203 4332 1226 4396 1,
1246 4351 1273 4399 p.
1289 4332 1348 4383 785.
