<?xml version="1.0" encoding="UTF-8"?>
<!DOCTYPE html PUBLIC "-//W3C//DTD XHTML 1.0 Transitional//EN"
    "http://www.w3.org/TR/xhtml1/DTD/xhtml1-transitional.dtd">
<html xmlns="http://www.w3.org/1999/xhtml" xml:lang="en" lang="en">
 <head>
  <title>
</title>
<meta http-equiv="Content-Type" content="text/html;charset=utf-8" />
  <meta name='ocr-system' content='tesseract 3.04.00' />
  <meta name='ocr-capabilities' content='ocr_page ocr_carea ocr_par ocr_line ocrx_word'/>
</head>
<body>
  <div class='ocr_page' id='page_1' title='image "./waltramiutvidet00schwgoog_0137.png"; bbox 0 0 2812 4830; ppageno 0'>
   <div class='ocr_carea' id='block_1_1' title="bbox 178 368 1128 422">
    <p class='ocr_par' dir='ltr' id='par_1_1' title="bbox 178 368 1128 422">
     <span class='ocr_line' id='line_1_1' title="bbox 178 368 1128 422; baseline 0.002 -2"><span class='ocrx_word' id='word_1_1' title='bbox 178 371 231 420; x_wconf 92' lang='grc'>110</span> <span class='ocrx_word' id='word_1_2' title='bbox 372 372 423 422; x_wconf 81' lang='lat' dir='ltr'>DE</span> <span class='ocrx_word' id='word_1_3' title='bbox 442 369 602 422; x_wconf 80' lang='lat' dir='ltr'>UNITATE</span> <span class='ocrx_word' id='word_1_4' title='bbox 622 368 827 421; x_wconf 69' lang='lat' dir='ltr'>Echxsmn</span> <span class='ocrx_word' id='word_1_5' title='bbox 849 369 1128 422; x_wconf 79' lang='lat' dir='ltr'>OONSERVANDA.</span> 
     </span>
    </p>
   </div>
   <div class='ocr_carea' id='block_1_2' title="bbox 101 512 1286 854">
    <p class='ocr_par' dir='ltr' id='par_1_2' title="bbox 101 512 1286 854">
     <span class='ocr_line' id='line_1_2' title="bbox 178 512 1284 624; baseline 0.002 -22"><span class='ocrx_word' id='word_1_6' title='bbox 178 559 275 624; x_wconf 68' lang='lat' dir='ltr'>quan</span> <span class='ocrx_word' id='word_1_7' title='bbox 297 512 468 602; x_wconf 86' lang='lat' dir='ltr'>distractus</span> <span class='ocrx_word' id='word_1_8' title='bbox 490 548 538 602; x_wconf 91' lang='lat' dir='ltr'>est</span> <span class='ocrx_word' id='word_1_9' title='bbox 558 559 579 600; x_wconf 90' lang='lat' dir='ltr'>a</span> <span class='ocrx_word' id='word_1_10' title='bbox 600 536 747 602; x_wconf 89' lang='lat' dir='ltr'>custodia</span> <span class='ocrx_word' id='word_1_11' title='bbox 767 538 879 602; x_wconf 90' lang='lat' dir='ltr'>matris</span> <span class='ocrx_word' id='word_1_12' title='bbox 901 559 988 619; x_wconf 88' lang='lat' dir='ltr'>suae,</span> <span class='ocrx_word' id='word_1_13' title='bbox 1016 536 1193 603; x_wconf 87' lang='lat' dir='ltr'>celebravit</span> <span class='ocrx_word' id='word_1_14' title='bbox 1215 550 1284 604; x_wconf 86' lang='lat' dir='ltr'>nata·</span> 
     </span>
     <span class='ocr_line' id='line_1_3' title="bbox 101 621 1286 709; baseline -0.006 -16"><span class='ocrx_word' id='word_1_15' title='bbox 101 624 241 693; x_wconf 76' lang='lat' dir='ltr'>roarlem</span> <span class='ocrx_word' id='word_1_16' title='bbox 271 622 404 685; x_wconf 90' lang='lat' dir='ltr'><strong>Domini</strong></span> <span class='ocrx_word' id='word_1_17' title='bbox 436 621 614 703; x_wconf 84' lang='lat' dir='ltr'>Goslariae,</span> <span class='ocrx_word' id='word_1_18' title='bbox 647 621 704 685; x_wconf 93' lang='lat' dir='ltr'>ubi</span> <span class='ocrx_word' id='word_1_19' title='bbox 733 622 817 687; x_wconf 92' lang='lat' dir='ltr'>inter</span> <span class='ocrx_word' id='word_1_20' title='bbox 849 621 1069 687; x_wconf 92' lang='lat' dir='ltr'>cubicularios</span> <span class='ocrx_word' id='word_1_21' title='bbox 1099 624 1240 709; x_wconf 86' lang='lat' dir='ltr'><strong>episcopi</strong></span> <span class='ocrx_word' id='word_1_22' title='bbox 1262 632 1286 688; x_wconf 88' lang='lat' dir='ltr'>et</span> 
     </span>
     <span class='ocr_line' id='line_1_4' title="bbox 177 705 1285 854; baseline 0.001 -83"><span class='ocrx_word' id='word_1_23' title='bbox 177 705 305 771; x_wconf 90' lang='lat' dir='ltr'>abbatis</span> <span class='ocrx_word' id='word_1_24' title='bbox 328 713 483 770; x_wconf 86' lang='lat' dir='ltr'>certatum</span> <span class='ocrx_word' id='word_1_25' title='bbox 506 713 555 770; x_wconf 88' lang='lat' dir='ltr'>est</span> <span class='ocrx_word' id='word_1_26' title='bbox 575 707 695 792; x_wconf 84' lang='lat' dir='ltr'>pugnis</span> <span class='ocrx_word' id='word_1_27' title='bbox 717 713 814 854; x_wconf 60' lang='lat' dir='ltr'>atilue</span> <span class='ocrx_word' id='word_1_28' title='bbox 830 705 989 806; x_wconf 78' lang='lat' dir='ltr'>scamellis</span> <span class='ocrx_word' id='word_1_29' title='bbox 1009 728 1072 793; x_wconf 90' lang='lat' dir='ltr'>pro</span> <span class='ocrx_word' id='word_1_30' title='bbox 1094 707 1204 772; x_wconf 86' lang='lat' dir='ltr'>herilis</span> <span class='ocrx_word' id='word_1_31' title='bbox 1217 707 1285 772; x_wconf 88' lang='lat' dir='ltr'>sedis</span> 
     </span>
    </p>
   </div>
   <div class='ocr_carea' id='block_1_3' title="bbox 66 787 1334 3821">
    <p class='ocr_par' dir='ltr' id='par_1_3' title="bbox 66 787 1334 3821">
     <span class='ocr_line' id='line_1_5' title="bbox 177 787 1286 878; baseline 0 -24"><span class='ocrx_word' id='word_1_32' title='bbox 177 791 346 878; x_wconf 84' lang='lat' dir='ltr'>positione,</span> <span class='ocrx_word' id='word_1_33' title='bbox 371 812 443 854; x_wconf 90' lang='lat' dir='ltr'>cum</span> <span class='ocrx_word' id='word_1_34' title='bbox 466 787 512 851; x_wconf 92' lang='lat' dir='ltr'>illi</span> <span class='ocrx_word' id='word_1_35' title='bbox 533 789 699 854; x_wconf 88' lang='lat' dir='ltr'>vindicare</span> <span class='ocrx_word' id='word_1_36' title='bbox 720 811 761 854; x_wconf 97' lang='lat' dir='ltr'>vo</span> <span class='ocrx_word' id='word_1_37' title='bbox 774 792 897 854; x_wconf 88' lang='lat' dir='ltr'>uissent</span> <span class='ocrx_word' id='word_1_38' title='bbox 919 811 1076 877; x_wconf 80' lang='lat' dir='ltr'>episcopo</span> <span class='ocrx_word' id='word_1_39' title='bbox 1103 813 1164 856; x_wconf 91' lang='lat' dir='ltr'>suo</span> <span class='ocrx_word' id='word_1_40' title='bbox 1186 792 1286 876; x_wconf 90' lang='lat' dir='ltr'>princi-</span> 
     </span>
     <span class='ocr_line' id='line_1_6' title="bbox 176 872 1334 974; baseline 0 -36"><span class='ocrx_word' id='word_1_41' title='bbox 176 897 252 962; x_wconf 88' lang='lat' dir='ltr'>pem</span> <span class='ocrx_word' id='word_1_42' title='bbox 277 874 382 938; x_wconf 91' lang='lat' dir='ltr'>locum</span> <span class='ocrx_word' id='word_1_43' title='bbox 412 874 503 937; x_wconf 91' lang='lat' dir='ltr'>iuxta</span> <span class='ocrx_word' id='word_1_44' title='bbox 531 873 743 959; x_wconf 89' lang='lat' dir='ltr'>Moguntinae</span> <span class='ocrx_word' id='word_1_45' title='bbox 772 872 929 939; x_wconf 90' lang='lat' dir='ltr'>ecclesiae</span> <span class='ocrx_word' id='word_1_46' title='bbox 956 876 1148 974; x_wconf 89' lang='lat' dir='ltr'>episcopum</span> <span class='ocrx_word' id='word_1_47' title='bbox 1173 876 1208 939; x_wconf 92' lang='lat' dir='ltr'>in</span> <span class='ocrx_word' id='word_1_48' title='bbox 1228 897 1286 940; x_wconf 92' lang='lat' dir='ltr'>con·</span> <span class='ocrx_word' id='word_1_49' title='bbox 1332 878 1334 941; x_wconf 92' lang='lat'>!</span> 
     </span>
     <span class='ocr_line' id='line_1_7' title="bbox 176 957 1285 1046; baseline 0.001 -23"><span class='ocrx_word' id='word_1_50' title='bbox 176 968 275 1023; x_wconf 90' lang='lat' dir='ltr'>ventu</span> <span class='ocrx_word' id='word_1_51' title='bbox 302 960 411 1044; x_wconf 82' lang='lat' dir='ltr'>regiae</span> <span class='ocrx_word' id='word_1_52' title='bbox 441 958 592 1023; x_wconf 80' lang='lat' dir='ltr'>sessionis</span> <span class='ocrx_word' id='word_1_53' title='bbox 620 959 654 1022; x_wconf 94' lang='lat' dir='ltr'>in</span> <span class='ocrx_word' id='word_1_54' title='bbox 681 957 816 1022; x_wconf 88' lang='lat' dir='ltr'>ecclesia</span> <span class='ocrx_word' id='word_1_55' title='bbox 842 966 976 1044; x_wconf 87' lang='lat' dir='ltr'>propter</span> <span class='ocrx_word' id='word_1_56' title='bbox 998 957 1209 1044; x_wconf 79' lang='lat' dir='ltr'>privilegium</span> <span class='ocrx_word' id='word_1_57' title='bbox 1229 982 1285 1046; x_wconf 87' lang='lat' dir='ltr'>par-</span> 
     </span>
     <span class='ocr_line' id='line_1_8' title="bbox 175 1042 1286 1130; baseline 0 -22"><span class='ocrx_word' id='word_1_58' title='bbox 175 1042 305 1108; x_wconf 88' lang='lat' dir='ltr'>rochiae</span> <span class='ocrx_word' id='word_1_59' title='bbox 332 1055 440 1124; x_wconf 85' lang='lat' dir='ltr'>suae1,</span> <span class='ocrx_word' id='word_1_60' title='bbox 468 1042 522 1106; x_wconf 89' lang='lat' dir='ltr'>isti</span> <span class='ocrx_word' id='word_1_61' title='bbox 550 1051 657 1106; x_wconf 89' lang='lat' dir='ltr'>autem</span> <span class='ocrx_word' id='word_1_62' title='bbox 685 1052 795 1107; x_wconf 89' lang='lat' dir='ltr'>contra</span> <span class='ocrx_word' id='word_1_63' title='bbox 822 1042 954 1108; x_wconf 92' lang='lat' dir='ltr'>tendere</span> <span class='ocrx_word' id='word_1_64' title='bbox 974 1053 1109 1130; x_wconf 91' lang='lat' dir='ltr'>propter</span> <span class='ocrx_word' id='word_1_65' title='bbox 1130 1045 1286 1130; x_wconf 88' lang='lat' dir='ltr'>primatum</span> 
     </span>
     <span class='ocr_line' id='line_1_9' title="bbox 176 1125 1286 1212; baseline 0.001 -20"><span class='ocrx_word' id='word_1_66' title='bbox 176 1125 348 1192; x_wconf 84' lang='lat' dir='ltr'>Fuldensis</span> <span class='ocrx_word' id='word_1_67' title='bbox 375 1125 526 1191; x_wconf 90' lang='lat' dir='ltr'>abbatiae</span> <span class='ocrx_word' id='word_1_68' title='bbox 534 1137 556 1190; x_wconf 83' lang='lat'>².</span> <span class='ocrx_word' id='word_1_69' title='bbox 598 1125 643 1190; x_wconf 87' lang='lat' dir='ltr'>Et</span> <span class='ocrx_word' id='word_1_70' title='bbox 670 1135 748 1190; x_wconf 91' lang='lat' dir='ltr'>tunc</span> <span class='ocrx_word' id='word_1_71' title='bbox 770 1126 902 1212; x_wconf 90' lang='lat' dir='ltr'>quidem</span> <span class='ocrx_word' id='word_1_72' title='bbox 924 1128 958 1190; x_wconf 93' lang='lat' dir='ltr'>in</span> <span class='ocrx_word' id='word_1_73' title='bbox 979 1138 1045 1192; x_wconf 87' lang='lat' dir='ltr'>tarn</span> <span class='ocrx_word' id='word_1_74' title='bbox 1068 1138 1197 1192; x_wconf 89' lang='lat' dir='ltr'>sacrata</span> <span class='ocrx_word' id='word_1_75' title='bbox 1216 1128 1286 1194; x_wconf 85' lang='lat' dir='ltr'>festi-</span> 
     </span>
     <span class='ocr_line' id='line_1_10' title="bbox 175 1210 1287 1298; baseline -0.002 -22"><span class='ocrx_word' id='word_1_76' title='bbox 175 1212 273 1277; x_wconf 85' lang='lat' dir='ltr'>vitate</span> <span class='ocrx_word' id='word_1_77' title='bbox 295 1211 470 1275; x_wconf 86' lang='lat' dir='ltr'>nativitatis</span> <span class='ocrx_word' id='word_1_78' title='bbox 485 1210 621 1274; x_wconf 88' lang='lat' dir='ltr'>Domini</span> <span class='ocrx_word' id='word_1_79' title='bbox 642 1219 799 1275; x_wconf 89' lang='lat' dir='ltr'>certatum</span> <span class='ocrx_word' id='word_1_80' title='bbox 821 1219 878 1293; x_wconf 90' lang='lat' dir='ltr'>est,</span> <span class='ocrx_word' id='word_1_81' title='bbox 901 1212 985 1276; x_wconf 88' lang='lat' dir='ltr'>sicut</span> <span class='ocrx_word' id='word_1_82' title='bbox 1006 1211 1162 1294; x_wconf 87' lang='lat' dir='ltr'>diximus,</span> <span class='ocrx_word' id='word_1_83' title='bbox 1184 1213 1287 1298; x_wconf 85' lang='lat' dir='ltr'>pugnis</span> 
     </span>
     <span class='ocr_line' id='line_1_11' title="bbox 102 1293 1287 1381; baseline 0.006 -27"><span class='ocrx_word' id='word_1_84' title='bbox 102 1314 167 1357; x_wconf 78' lang='lat' dir='ltr'>ross.</span> <span class='ocrx_word' id='word_1_85' title='bbox 176 1306 274 1381; x_wconf 90' lang='lat' dir='ltr'>atque</span> <span class='ocrx_word' id='word_1_86' title='bbox 307 1293 475 1375; x_wconf 81' lang='lat' dir='ltr'>scamellis,</span> <span class='ocrx_word' id='word_1_87' title='bbox 510 1294 626 1359; x_wconf 88' lang='lat' dir='ltr'>deinde</span> <span class='ocrx_word' id='word_1_88' title='bbox 658 1316 735 1359; x_wconf 88' lang='lat' dir='ltr'>vcro</span> <span class='ocrx_word' id='word_1_89' title='bbox 768 1295 803 1358; x_wconf 90' lang='lat' dir='ltr'>in</span> <span class='ocrx_word' id='word_1_90' title='bbox 835 1303 1019 1379; x_wconf 86' lang='lat' dir='ltr'>pentecoste</span> <span class='ocrx_word' id='word_1_91' title='bbox 1047 1318 1100 1361; x_wconf 90' lang='lat' dir='ltr'>res</span> <span class='ocrx_word' id='word_1_92' title='bbox 1132 1296 1287 1381; x_wconf 85' lang='lat' dir='ltr'>gerebatu</span> 
     </span>
     <span class='ocr_line' id='line_1_12' title="bbox 176 1378 1287 1466; baseline 0.001 -23"><span class='ocrx_word' id='word_1_93' title='bbox 176 1378 302 1466; x_wconf 82' lang='lat' dir='ltr'>gladiis,</span> <span class='ocrx_word' id='word_1_94' title='bbox 333 1400 407 1443; x_wconf 92' lang='lat' dir='ltr'>cum</span> <span class='ocrx_word' id='word_1_95' title='bbox 433 1379 580 1463; x_wconf 83' lang='lat' dir='ltr'>utriquc³</span> <span class='ocrx_word' id='word_1_96' title='bbox 611 1387 643 1442; x_wconf 93' lang='lat' dir='ltr'>et</span> <span class='ocrx_word' id='word_1_97' title='bbox 668 1401 686 1442; x_wconf 93' lang='lat' dir='ltr'>e</span> <span class='ocrx_word' id='word_1_98' title='bbox 712 1379 842 1464; x_wconf 90' lang='lat' dir='ltr'>iscopus</span> <span class='ocrx_word' id='word_1_99' title='bbox 869 1389 901 1444; x_wconf 92' lang='lat' dir='ltr'>et</span> <span class='ocrx_word' id='word_1_100' title='bbox 922 1378 1023 1444; x_wconf 91' lang='lat' dir='ltr'>abbas</span> <span class='ocrx_word' id='word_1_101' title='bbox 1045 1401 1174 1444; x_wconf 85' lang='lat' dir='ltr'>summo</span> <span class='ocrx_word' id='word_1_102' title='bbox 1196 1380 1287 1447; x_wconf 91' lang='lat' dir='ltr'>studio</span> 
     </span>
     <span class='ocr_line' id='line_1_13' title="bbox 177 1461 1286 1549; baseline 0 -22"><span class='ocrx_word' id='word_1_103' title='bbox 177 1486 211 1528; x_wconf 88' lang='lat' dir='ltr'>se</span> <span class='ocrx_word' id='word_1_104' title='bbox 242 1472 489 1549; x_wconf 80' lang='lat' dir='ltr'>praeparassent</span> <span class='ocrx_word' id='word_1_105' title='bbox 520 1461 562 1526; x_wconf 97' lang='lat' dir='ltr'>ad</span> <span class='ocrx_word' id='word_1_106' title='bbox 595 1471 672 1527; x_wconf 91' lang='lat' dir='ltr'>tuen</span> <span class='ocrx_word' id='word_1_107' title='bbox 697 1484 752 1526; x_wconf 93' lang='lat' dir='ltr'>um</span> <span class='ocrx_word' id='word_1_108' title='bbox 786 1462 937 1528; x_wconf 92' lang='lat' dir='ltr'>sessionis</span> <span class='ocrx_word' id='word_1_109' title='bbox 967 1485 1044 1528; x_wconf 92' lang='lat' dir='ltr'>suae</span> <span class='ocrx_word' id='word_1_110' title='bbox 1073 1462 1195 1547; x_wconf 92' lang='lat' dir='ltr'>locum,</span> <span class='ocrx_word' id='word_1_111' title='bbox 1227 1487 1286 1529; x_wconf 92' lang='lat' dir='ltr'>con·</span> 
     </span>
     <span class='ocr_line' id='line_1_14' title="bbox 175 1544 1286 1634; baseline 0.003 -23"><span class='ocrx_word' id='word_1_112' title='bbox 175 1548 287 1612; x_wconf 89' lang='lat' dir='ltr'>tractis</span> <span class='ocrx_word' id='word_1_113' title='bbox 309 1545 452 1631; x_wconf 91' lang='lat' dir='ltr'>undique</span> <span class='ocrx_word' id='word_1_114' title='bbox 473 1544 581 1610; x_wconf 89' lang='lat' dir='ltr'>multis</span> <span class='ocrx_word' id='word_1_115' title='bbox 604 1545 797 1611; x_wconf 91' lang='lat' dir='ltr'>militaribus</span> <span class='ocrx_word' id='word_1_116' title='bbox 812 1548 901 1612; x_wconf 86' lang='lat' dir='ltr'>viris.</span> <span class='ocrx_word' id='word_1_117' title='bbox 933 1547 1014 1613; x_wconf 85' lang='lat' dir='ltr'>Erat</span> <span class='ocrx_word' id='word_1_118' title='bbox 1035 1549 1122 1613; x_wconf 89' lang='lat' dir='ltr'>enim</span> <span class='ocrx_word' id='word_1_119' title='bbox 1146 1570 1188 1612; x_wconf 92' lang='lat' dir='ltr'>ex</span> <span class='ocrx_word' id='word_1_120' title='bbox 1209 1559 1286 1634; x_wconf 88' lang='lat' dir='ltr'>parte</span> 
     </span>
     <span class='ocr_line' id='line_1_15' title="bbox 176 1627 1287 1720; baseline 0 -24"><span class='ocrx_word' id='word_1_121' title='bbox 176 1632 323 1717; x_wconf 86' lang='lat' dir='ltr'>episcopi</span> <span class='ocrx_word' id='word_1_122' title='bbox 355 1631 461 1695; x_wconf 88' lang='lat' dir='ltr'>senior</span> <span class='ocrx_word' id='word_1_123' title='bbox 489 1627 542 1694; x_wconf 92' lang='lat' dir='ltr'>ille</span> <span class='ocrx_word' id='word_1_124' title='bbox 567 1630 741 1716; x_wconf 87' lang='lat' dir='ltr'>Egbertus,</span> <span class='ocrx_word' id='word_1_125' title='bbox 772 1630 812 1695; x_wconf 93' lang='lat' dir='ltr'>de</span> <span class='ocrx_word' id='word_1_126' title='bbox 862 1653 904 1695; x_wconf 94' lang='lat' dir='ltr'>uo</span> <span class='ocrx_word' id='word_1_127' title='bbox 935 1653 1033 1719; x_wconf 88' lang='lat' dir='ltr'>supra</span> <span class='ocrx_word' id='word_1_128' title='bbox 1055 1632 1218 1716; x_wconf 83' lang='lat' dir='ltr'>diximus3</span> <span class='ocrx_word' id='word_1_129' title='bbox 1245 1635 1287 1720; x_wconf 90' lang='lat' dir='ltr'>qui</span> 
     </span>
     <span class='ocr_line' id='line_1_16' title="bbox 175 1712 1287 1804; baseline 0.003 -26"><span class='ocrx_word' id='word_1_130' title='bbox 175 1727 467 1801; x_wconf 86' lang='lat' dir='ltr'>praeoccupaverat</span> <span class='ocrx_word' id='word_1_131' title='bbox 484 1712 652 1780; x_wconf 88' lang='lat' dir='ltr'>ecclesiam</span> <span class='ocrx_word' id='word_1_132' title='bbox 674 1716 829 1780; x_wconf 90' lang='lat' dir='ltr'>maiorem</span> <span class='ocrx_word' id='word_1_133' title='bbox 878 1713 1015 1780; x_wconf 89' lang='lat' dir='ltr'>oslariae</span> <span class='ocrx_word' id='word_1_134' title='bbox 1037 1738 1112 1781; x_wconf 92' lang='lat' dir='ltr'>curn</span> <span class='ocrx_word' id='word_1_135' title='bbox 1136 1719 1204 1782; x_wconf 91' lang='lat' dir='ltr'>suis</span> <span class='ocrx_word' id='word_1_136' title='bbox 1218 1718 1287 1804; x_wconf 87' lang='lat' dir='ltr'>pari·</span> 
     </span>
     <span class='ocr_line' id='line_1_17' title="bbox 176 1798 1286 1888; baseline 0 -24"><span class='ocrx_word' id='word_1_137' title='bbox 176 1811 225 1864; x_wconf 90' lang='lat' dir='ltr'>ter</span> <span class='ocrx_word' id='word_1_138' title='bbox 251 1809 284 1864; x_wconf 90' lang='lat' dir='ltr'>et</span> <span class='ocrx_word' id='word_1_139' title='bbox 311 1799 457 1885; x_wconf 86' lang='lat' dir='ltr'>episcopi</span> <span class='ocrx_word' id='word_1_140' title='bbox 482 1798 649 1881; x_wconf 88' lang='lat' dir='ltr'>militibus,</span> <span class='ocrx_word' id='word_1_141' title='bbox 667 1809 711 1865; x_wconf 85' lang='lat' dir='ltr'>·et</span> <span class='ocrx_word' id='word_1_142' title='bbox 739 1800 823 1865; x_wconf 93' lang='lat' dir='ltr'>inter</span> <span class='ocrx_word' id='word_1_143' title='bbox 849 1799 1043 1886; x_wconf 90' lang='lat' dir='ltr'>pulsandum</span> <span class='ocrx_word' id='word_1_144' title='bbox 1065 1800 1108 1865; x_wconf 90' lang='lat' dir='ltr'>ad</span> <span class='ocrx_word' id='word_1_145' title='bbox 1131 1821 1286 1888; x_wconf 88' lang='lat' dir='ltr'>vesperam</span> 
     </span>
     <span class='ocr_line' id='line_1_18' title="bbox 66 1883 1287 1970; baseline 0.003 -26"><span class='ocrx_word' id='word_1_146' title='bbox 66 1903 121 1946; x_wconf 68' lang='lat' dir='ltr'>nar.</span> <span class='ocrx_word' id='word_1_147' title='bbox 130 1904 166 1947; x_wconf 77' lang='grc' dir='ltr'>ιι.</span> <span class='ocrx_word' id='word_1_148' title='bbox 175 1885 210 1948; x_wconf 90' lang='lat' dir='ltr'>in</span> <span class='ocrx_word' id='word_1_149' title='bbox 230 1883 342 1970; x_wconf 90' lang='lat' dir='ltr'>vigilia</span> <span class='ocrx_word' id='word_1_150' title='bbox 363 1892 565 1969; x_wconf 84' lang='lat' dir='ltr'>pentecostes</span> <span class='ocrx_word' id='word_1_151' title='bbox 588 1883 808 1949; x_wconf 86' lang='lat' dir='ltr'>consonabant</span> <span class='ocrx_word' id='word_1_152' title='bbox 828 1886 949 1969; x_wconf 90' lang='lat' dir='ltr'>pariter</span> <span class='ocrx_word' id='word_1_153' title='bbox 968 1885 1198 1951; x_wconf 84' lang='lat' dir='ltr'>tumultuariae</span> <span class='ocrx_word' id='word_1_154' title='bbox 1219 1884 1287 1950; x_wconf 90' lang='lat' dir='ltr'>sedi·</span> 
     </span>
     <span class='ocr_line' id='line_1_19' title="bbox 174 1965 1288 2053; baseline -0.002 -20"><span class='ocrx_word' id='word_1_155' title='bbox 174 1970 287 2034; x_wconf 90' lang='lat' dir='ltr'>tiones.</span> <span class='ocrx_word' id='word_1_156' title='bbox 331 1965 617 2053; x_wconf 88' lang='lat' dir='ltr'>Perrumpentibus</span> <span class='ocrx_word' id='word_1_157' title='bbox 646 1969 732 2032; x_wconf 90' lang='lat' dir='ltr'>enim</span> <span class='ocrx_word' id='word_1_158' title='bbox 763 1969 848 2032; x_wconf 90' lang='lat' dir='ltr'>intra</span> <span class='ocrx_word' id='word_1_159' title='bbox 880 1967 1048 2032; x_wconf 88' lang='lat' dir='ltr'>ecclesiam</span> <span class='ocrx_word' id='word_1_160' title='bbox 1080 1969 1288 2035; x_wconf 82' lang='lat' dir='ltr'>Fuldensibus</span> 
     </span>
     <span class='ocr_line' id='line_1_20' title="bbox 175 2050 1287 2139; baseline -0.002 -22"><span class='ocrx_word' id='word_1_161' title='bbox 175 2054 216 2117; x_wconf 91' lang='lat' dir='ltr'>ad</span> <span class='ocrx_word' id='word_1_162' title='bbox 243 2051 401 2118; x_wconf 89' lang='lat' dir='ltr'>auxilium</span> <span class='ocrx_word' id='word_1_163' title='bbox 429 2054 599 2134; x_wconf 92' lang='lat' dir='ltr'>sociorum,</span> <span class='ocrx_word' id='word_1_164' title='bbox 629 2050 747 2137; x_wconf 89' lang='lat' dir='ltr'>quibus</span> <span class='ocrx_word' id='word_1_165' title='bbox 775 2053 842 2116; x_wconf 91' lang='lat' dir='ltr'>iam</span> <span class='ocrx_word' id='word_1_166' title='bbox 870 2053 1060 2117; x_wconf 89' lang='lat' dir='ltr'>imminebat</span> <span class='ocrx_word' id='word_1_167' title='bbox 1080 2056 1195 2118; x_wconf 87' lang='lat' dir='ltr'>mortis</span> <span class='ocrx_word' id='word_1_168' title='bbox 1216 2054 1287 2139; x_wconf 90' lang='lat' dir='ltr'>peri·</span> 
     </span>
     <span class='ocr_line' id='line_1_21' title="bbox 176 2135 1288 2222; baseline -0.002 -21"><span class='ocrx_word' id='word_1_169' title='bbox 176 2137 292 2219; x_wconf 90' lang='lat' dir='ltr'>culum,</span> <span class='ocrx_word' id='word_1_170' title='bbox 314 2137 494 2222; x_wconf 88' lang='lat' dir='ltr'>pronefas!</span> <span class='ocrx_word' id='word_1_171' title='bbox 518 2135 611 2200; x_wconf 91' lang='lat' dir='ltr'>multi</span> <span class='ocrx_word' id='word_1_172' title='bbox 624 2135 699 2199; x_wconf 91' lang='lat' dir='ltr'>hinc</span> <span class='ocrx_word' id='word_1_173' title='bbox 720 2136 795 2201; x_wconf 89' lang='lat' dir='ltr'>inde</span> <span class='ocrx_word' id='word_1_174' title='bbox 811 2137 909 2200; x_wconf 88' lang='lat' dir='ltr'>occisi</span> <span class='ocrx_word' id='word_1_175' title='bbox 930 2137 1102 2203; x_wconf 85' lang='lat' dir='ltr'>foedavere</span> <span class='ocrx_word' id='word_1_176' title='bbox 1124 2138 1225 2203; x_wconf 90' lang='lat' dir='ltr'>caede</span> <span class='ocrx_word' id='word_1_177' title='bbox 1240 2158 1288 2202; x_wconf 89' lang='lat' dir='ltr'>sua</span> 
     </span>
     <span class='ocr_line' id='line_1_22' title="bbox 175 2219 1288 2308; baseline -0.002 -21"><span class='ocrx_word' id='word_1_178' title='bbox 175 2222 329 2307; x_wconf 91' lang='lat' dir='ltr'>templum</span> <span class='ocrx_word' id='word_1_179' title='bbox 363 2221 427 2285; x_wconf 93' lang='lat' dir='ltr'>Dei</span> <span class='ocrx_word' id='word_1_180' title='bbox 463 2228 495 2285; x_wconf 89' lang='lat' dir='ltr'>et</span> <span class='ocrx_word' id='word_1_181' title='bbox 529 2219 627 2285; x_wconf 88' lang='lat' dir='ltr'>altare</span> <span class='ocrx_word' id='word_1_182' title='bbox 662 2219 727 2284; x_wconf 89' lang='lat' dir='ltr'>Dei</span> <span class='ocrx_word' id='word_1_183' title='bbox 735 2229 759 2285; x_wconf 80' lang='lat'>⁴.</span> <span class='ocrx_word' id='word_1_184' title='bbox 803 2219 973 2285; x_wconf 84' lang='lat' dir='ltr'>Eiusmodi</span> <span class='ocrx_word' id='word_1_185' title='bbox 1008 2243 1087 2286; x_wconf 88' lang='lat' dir='ltr'>vero</span> <span class='ocrx_word' id='word_1_186' title='bbox 1123 2223 1288 2308; x_wconf 87' lang='lat' dir='ltr'>impietatis</span> 
     </span>
     <span class='ocr_line' id='line_1_23' title="bbox 176 2303 1290 2372; baseline 0 -3"><span class='ocrx_word' id='word_1_187' title='bbox 176 2305 272 2369; x_wconf 91' lang='lat' dir='ltr'>simul</span> <span class='ocrx_word' id='word_1_188' title='bbox 307 2314 339 2369; x_wconf 90' lang='lat' dir='ltr'>et</span> <span class='ocrx_word' id='word_1_189' title='bbox 375 2303 573 2369; x_wconf 88' lang='lat' dir='ltr'>crudelitatis</span> <span class='ocrx_word' id='word_1_190' title='bbox 608 2312 835 2370; x_wconf 87' lang='lat' dir='ltr'>testamentum</span> <span class='ocrx_word' id='word_1_191' title='bbox 871 2303 1064 2370; x_wconf 87' lang='lat' dir='ltr'>hereditavit</span> <span class='ocrx_word' id='word_1_192' title='bbox 1103 2305 1158 2371; x_wconf 89' lang='lat' dir='ltr'>ille</span> <span class='ocrx_word' id='word_1_193' title='bbox 1194 2306 1290 2372; x_wconf 92' lang='lat' dir='ltr'>senior</span> 
     </span>
     <span class='ocr_line' id='line_1_24' title="bbox 176 2387 1289 2474; baseline 0.001 -22"><span class='ocrx_word' id='word_1_194' title='bbox 176 2388 341 2472; x_wconf 80' lang='lat' dir='ltr'>Egbertus</span> <span class='ocrx_word' id='word_1_195' title='bbox 363 2410 460 2474; x_wconf 92' lang='lat' dir='ltr'>super</span> <span class='ocrx_word' id='word_1_196' title='bbox 480 2389 640 2452; x_wconf 89' lang='lat' dir='ltr'>iuniorem</span> <span class='ocrx_word' id='word_1_197' title='bbox 661 2387 850 2474; x_wconf 84' lang='lat' dir='ltr'>Egbertum‚</span> <span class='ocrx_word' id='word_1_198' title='bbox 872 2387 974 2452; x_wconf 89' lang='lat' dir='ltr'>filium</span> <span class='ocrx_word' id='word_1_199' title='bbox 997 2411 1108 2472; x_wconf 80' lang='lat' dir='ltr'>suum3</span> <span class='ocrx_word' id='word_1_200' title='bbox 1138 2391 1192 2456; x_wconf 90' lang='lat' dir='ltr'>cui</span> <span class='ocrx_word' id='word_1_201' title='bbox 1214 2391 1289 2454; x_wconf 90' lang='lat' dir='ltr'>enim</span> 
     </span>
     <span class='ocr_line' id='line_1_25' title="bbox 175 2471 1290 2561; baseline 0.001 -24"><span class='ocrx_word' id='word_1_202' title='bbox 175 2475 236 2538; x_wconf 88' lang='lat' dir='ltr'>iste</span> <span class='ocrx_word' id='word_1_203' title='bbox 262 2480 419 2558; x_wconf 89' lang='lat' dir='ltr'>parceret,</span> <span class='ocrx_word' id='word_1_204' title='bbox 442 2473 498 2557; x_wconf 90' lang='lat' dir='ltr'>qui</span> <span class='ocrx_word' id='word_1_205' title='bbox 520 2483 656 2557; x_wconf 90' lang='lat' dir='ltr'>cognato</span> <span class='ocrx_word' id='word_1_206' title='bbox 683 2494 741 2537; x_wconf 91' lang='lat' dir='ltr'>suo</span> <span class='ocrx_word' id='word_1_207' title='bbox 763 2473 835 2559; x_wconf 89' lang='lat' dir='ltr'>regi</span> <span class='ocrx_word' id='word_1_208' title='bbox 856 2471 1020 2538; x_wconf 92' lang='lat' dir='ltr'>Henricho</span> <span class='ocrx_word' id='word_1_209' title='bbox 1050 2495 1116 2538; x_wconf 91' lang='lat' dir='ltr'>non</span> <span class='ocrx_word' id='word_1_210' title='bbox 1142 2475 1290 2561; x_wconf 89' lang='lat' dir='ltr'>pepercit,</span> 
     </span>
     <span class='ocr_line' id='line_1_26' title="bbox 177 2554 1290 2645; baseline 0.001 -25"><span class='ocrx_word' id='word_1_211' title='bbox 177 2579 274 2643; x_wconf 91' lang='lat' dir='ltr'>quem</span> <span class='ocrx_word' id='word_1_212' title='bbox 295 2556 362 2619; x_wconf 92' lang='lat' dir='ltr'>vita</span> <span class='ocrx_word' id='word_1_213' title='bbox 382 2557 503 2641; x_wconf 85' lang='lat' dir='ltr'>pariter</span> <span class='ocrx_word' id='word_1_214' title='bbox 529 2566 562 2621; x_wconf 91' lang='lat' dir='ltr'>et</span> <span class='ocrx_word' id='word_1_215' title='bbox 588 2577 687 2640; x_wconf 88' lang='lat' dir='ltr'>regno</span> <span class='ocrx_word' id='word_1_216' title='bbox 716 2558 846 2642; x_wconf 86' lang='lat' dir='ltr'>privare</span> <span class='ocrx_word' id='word_1_217' title='bbox 868 2554 994 2623; x_wconf 84' lang='lat' dir='ltr'>voluit?</span> <span class='ocrx_word' id='word_1_218' title='bbox 1036 2557 1143 2644; x_wconf 84' lang='lat' dir='ltr'>Saepe</span> <span class='ocrx_word' id='word_1_219' title='bbox 1166 2557 1290 2645; x_wconf 89' lang='lat' dir='ltr'>quidem</span> 
     </span>
     <span class='ocr_line' id='line_1_27' title="bbox 175 2639 1291 2728; baseline 0.002 -25"><span class='ocrx_word' id='word_1_220' title='bbox 175 2642 236 2705; x_wconf 91' lang='lat' dir='ltr'>iste</span> <span class='ocrx_word' id='word_1_221' title='bbox 265 2640 373 2703; x_wconf 91' lang='lat' dir='ltr'>iunior</span> <span class='ocrx_word' id='word_1_222' title='bbox 400 2639 563 2725; x_wconf 84' lang='lat' dir='ltr'>Egbertus</span> <span class='ocrx_word' id='word_1_223' title='bbox 593 2650 704 2704; x_wconf 89' lang='lat' dir='ltr'>contra</span> <span class='ocrx_word' id='word_1_224' title='bbox 731 2663 841 2726; x_wconf 90' lang='lat' dir='ltr'>regem</span> <span class='ocrx_word' id='word_1_225' title='bbox 869 2641 1060 2723; x_wconf 88' lang='lat' dir='ltr'>coniuravit,</span> <span class='ocrx_word' id='word_1_226' title='bbox 1083 2663 1182 2728; x_wconf 89' lang='lat' dir='ltr'>saepe</span> <span class='ocrx_word' id='word_1_227' title='bbox 1203 2644 1291 2708; x_wconf 89' lang='lat' dir='ltr'>etiam</span> 
     </span>
     <span class='ocr_line' id='line_1_28' title="bbox 177 2724 1293 2810; baseline 0 -22"><span class='ocrx_word' id='word_1_228' title='bbox 177 2747 248 2789; x_wconf 89' lang='lat' dir='ltr'>sese</span> <span class='ocrx_word' id='word_1_229' title='bbox 274 2746 294 2787; x_wconf 93' lang='lat' dir='ltr'>a</span> <span class='ocrx_word' id='word_1_230' title='bbox 324 2724 561 2788; x_wconf 89' lang='lat' dir='ltr'>coniuratorum</span> <span class='ocrx_word' id='word_1_231' title='bbox 590 2724 740 2790; x_wconf 87' lang='lat' dir='ltr'>societate</span> <span class='ocrx_word' id='word_1_232' title='bbox 767 2725 809 2790; x_wconf 96' lang='lat' dir='ltr'>ad</span> <span class='ocrx_word' id='word_1_233' title='bbox 838 2747 948 2810; x_wconf 90' lang='lat' dir='ltr'>regem</span> <span class='ocrx_word' id='word_1_234' title='bbox 977 2727 1136 2790; x_wconf 86' lang='lat' dir='ltr'>convertit</span> <span class='ocrx_word' id='word_1_235' title='bbox 1161 2735 1194 2792; x_wconf 89' lang='lat' dir='ltr'>et</span> <span class='ocrx_word' id='word_1_236' title='bbox 1213 2746 1293 2790; x_wconf 91' lang='lat' dir='ltr'>nunc</span> 
     </span>
     <span class='ocr_line' id='line_1_29' title="bbox 176 2807 1292 2896; baseline 0.001 -24"><span class='ocrx_word' id='word_1_237' title='bbox 176 2807 290 2872; x_wconf 92' lang='lat' dir='ltr'>harum</span> <span class='ocrx_word' id='word_1_238' title='bbox 311 2828 397 2872; x_wconf 90' lang='lat' dir='ltr'>nunc</span> <span class='ocrx_word' id='word_1_239' title='bbox 418 2807 545 2872; x_wconf 90' lang='lat' dir='ltr'>illarum</span> <span class='ocrx_word' id='word_1_240' title='bbox 566 2809 707 2894; x_wconf 89' lang='lat' dir='ltr'>partium</span> <span class='ocrx_word' id='word_1_241' title='bbox 729 2809 798 2873; x_wconf 89' lang='lat' dir='ltr'>fuit.</span> <span class='ocrx_word' id='word_1_242' title='bbox 831 2810 919 2874; x_wconf 85' lang='lat' dir='ltr'>Ecce</span> <span class='ocrx_word' id='word_1_243' title='bbox 934 2809 1019 2872; x_wconf 90' lang='lat' dir='ltr'>enim</span> <span class='ocrx_word' id='word_1_244' title='bbox 1040 2820 1115 2895; x_wconf 89' lang='lat' dir='ltr'>post</span> <span class='ocrx_word' id='word_1_245' title='bbox 1128 2809 1292 2896; x_wconf 89' lang='lat' dir='ltr'>praelium,</span> 
     </span>
     <span class='ocr_line' id='line_1_30' title="bbox 177 2892 1293 2979; baseline 0.002 -23"><span class='ocrx_word' id='word_1_246' title='bbox 177 2892 264 2977; x_wconf 90' lang='lat' dir='ltr'>quod</span> <span class='ocrx_word' id='word_1_247' title='bbox 277 2902 401 2976; x_wconf 87' lang='lat' dir='ltr'>gestum</span> <span class='ocrx_word' id='word_1_248' title='bbox 417 2915 488 2958; x_wconf 87' lang='lat' dir='ltr'>esse</span> <span class='ocrx_word' id='word_1_249' title='bbox 510 2894 652 2958; x_wconf 87' lang='lat' dir='ltr'>diximus</span> <span class='ocrx_word' id='word_1_250' title='bbox 673 2893 708 2956; x_wconf 91' lang='lat' dir='ltr'>in</span> <span class='ocrx_word' id='word_1_251' title='bbox 730 2894 896 2979; x_wconf 90' lang='lat' dir='ltr'>episcopio</span> <span class='ocrx_word' id='word_1_252' title='bbox 909 2892 1185 2978; x_wconf 82' lang='lat' dir='ltr'>Wirziburgensis</span> <span class='ocrx_word' id='word_1_253' title='bbox 1200 2893 1293 2959; x_wconf 89' lang='lat' dir='ltr'>eccle-</span> 
     </span>
     <span class='ocr_line' id='line_1_31' title="bbox 176 2975 1293 3063; baseline 0.003 -23"><span class='ocrx_word' id='word_1_254' title='bbox 176 2977 252 3059; x_wconf 90' lang='lat' dir='ltr'>siae,</span> <span class='ocrx_word' id='word_1_255' title='bbox 279 2975 336 3040; x_wconf 90' lang='lat' dir='ltr'>ubi</span> <span class='ocrx_word' id='word_1_256' title='bbox 365 2977 451 3044; x_wconf 91' lang='lat' dir='ltr'>idem</span> <span class='ocrx_word' id='word_1_257' title='bbox 479 2978 641 3063; x_wconf 83' lang='lat' dir='ltr'>Egbertus</span> <span class='ocrx_word' id='word_1_258' title='bbox 667 2978 791 3063; x_wconf 88' lang='lat' dir='ltr'>primus</span> <span class='ocrx_word' id='word_1_259' title='bbox 812 2987 881 3042; x_wconf 90' lang='lat' dir='ltr'>erat</span> <span class='ocrx_word' id='word_1_260' title='bbox 908 2976 949 3043; x_wconf 91' lang='lat' dir='ltr'>de</span> <span class='ocrx_word' id='word_1_261' title='bbox 969 2976 1175 3063; x_wconf 89' lang='lat' dir='ltr'>principibus</span> <span class='ocrx_word' id='word_1_262' title='bbox 1199 2979 1293 3045; x_wconf 87' lang='lat' dir='ltr'>Saxo-</span> 
     </span>
     <span class='ocr_line' id='line_1_32' title="bbox 174 3061 1294 3148; baseline 0 -23"><span class='ocrx_word' id='word_1_263' title='bbox 174 3063 256 3144; x_wconf 89' lang='lat' dir='ltr'>niae,</span> <span class='ocrx_word' id='word_1_264' title='bbox 278 3071 352 3147; x_wconf 91' lang='lat' dir='ltr'>post</span> <span class='ocrx_word' id='word_1_265' title='bbox 373 3062 435 3126; x_wconf 92' lang='lat' dir='ltr'>hoc</span> <span class='ocrx_word' id='word_1_266' title='bbox 454 3085 532 3127; x_wconf 94' lang='lat' dir='ltr'>vero</span> <span class='ocrx_word' id='word_1_267' title='bbox 553 3063 730 3148; x_wconf 91' lang='lat' dir='ltr'>imperator</span> <span class='ocrx_word' id='word_1_268' title='bbox 751 3061 936 3126; x_wconf 91' lang='lat' dir='ltr'>Henrichus</span> <span class='ocrx_word' id='word_1_269' title='bbox 957 3062 1089 3126; x_wconf 86' lang='lat' dir='ltr'>intravit</span> <span class='ocrx_word' id='word_1_270' title='bbox 1111 3083 1188 3126; x_wconf 92' lang='lat' dir='ltr'>cum</span> <span class='ocrx_word' id='word_1_271' title='bbox 1210 3085 1294 3129; x_wconf 89' lang='lat' dir='ltr'>exer-</span> 
     </span>
     <span class='ocr_line' id='line_1_33' title="bbox 175 3146 1295 3232; baseline 0.001 -23"><span class='ocrx_word' id='word_1_272' title='bbox 175 3147 240 3211; x_wconf 90' lang='lat' dir='ltr'>citu</span> <span class='ocrx_word' id='word_1_273' title='bbox 267 3168 326 3232; x_wconf 94' lang='lat' dir='ltr'>per</span> <span class='ocrx_word' id='word_1_274' title='bbox 346 3146 558 3232; x_wconf 88' lang='lat' dir='ltr'>Thuringiam</span> <span class='ocrx_word' id='word_1_275' title='bbox 581 3147 613 3209; x_wconf 91' lang='lat' dir='ltr'>in</span> <span class='ocrx_word' id='word_1_276' title='bbox 638 3146 847 3227; x_wconf 79' lang='lat' dir='ltr'>Saxoniam⁵,</span> <span class='ocrx_word' id='word_1_277' title='bbox 870 3146 936 3228; x_wconf 90' lang='lat' dir='ltr'>ubi,</span> <span class='ocrx_word' id='word_1_278' title='bbox 959 3167 1033 3210; x_wconf 91' lang='lat' dir='ltr'>cum</span> <span class='ocrx_word' id='word_1_279' title='bbox 1055 3167 1122 3210; x_wconf 91' lang='lat' dir='ltr'>non</span> <span class='ocrx_word' id='word_1_280' title='bbox 1143 3149 1295 3212; x_wconf 89' lang='lat' dir='ltr'>auderent</span> 
     </span>
     <span class='ocr_line' id='line_1_34' title="bbox 175 3230 1294 3318; baseline 0 -22"><span class='ocrx_word' id='word_1_281' title='bbox 175 3230 322 3296; x_wconf 86' lang='lat' dir='ltr'>Saxones</span> <span class='ocrx_word' id='word_1_282' title='bbox 354 3241 452 3318; x_wconf 90' lang='lat' dir='ltr'>atque</span> <span class='ocrx_word' id='word_1_283' title='bbox 484 3230 642 3317; x_wconf 87' lang='lat' dir='ltr'>Thuringi</span> <span class='ocrx_word' id='word_1_284' title='bbox 675 3230 790 3295; x_wconf 86' lang='lat' dir='ltr'>offerre</span> <span class='ocrx_word' id='word_1_285' title='bbox 822 3232 852 3295; x_wconf 93' lang='lat' dir='ltr'>ei</span> <span class='ocrx_word' id='word_1_286' title='bbox 885 3231 1086 3294; x_wconf 88' lang='lat' dir='ltr'>occasionem</span> <span class='ocrx_word' id='word_1_287' title='bbox 1120 3231 1294 3317; x_wconf 90' lang='lat' dir='ltr'>pugnandi,</span> 
     </span>
     <span class='ocr_line' id='line_1_35' title="bbox 173 3314 1293 3415; baseline 0 -36"><span class='ocrx_word' id='word_1_288' title='bbox 173 3326 241 3379; x_wconf 86' lang='lat' dir='ltr'>tum</span> <span class='ocrx_word' id='word_1_289' title='bbox 273 3314 403 3400; x_wconf 90' lang='lat' dir='ltr'>quidem</span> <span class='ocrx_word' id='word_1_290' title='bbox 424 3315 589 3400; x_wconf 83' lang='lat' dir='ltr'>Egbertus</span> <span class='ocrx_word' id='word_1_291' title='bbox 611 3314 766 3395; x_wconf 90' lang='lat' dir='ltr'>marchio,</span> <span class='ocrx_word' id='word_1_292' title='bbox 794 3324 907 3400; x_wconf 90' lang='lat' dir='ltr'>utpote</span> <span class='ocrx_word' id='word_1_293' title='bbox 929 3314 1080 3399; x_wconf 88' lang='lat' dir='ltr'>princeps</span> <span class='ocrx_word' id='word_1_294' title='bbox 1102 3314 1201 3380; x_wconf 89' lang='lat' dir='ltr'>huius</span> <span class='ocrx_word' id='word_1_295' title='bbox 1222 3336 1293 3415; x_wconf 78' lang='lat' dir='ltr'>quo-</span> 
     </span>
     <span class='ocr_line' id='line_1_36' title="bbox 175 3397 1295 3485; baseline -0.002 -21"><span class='ocrx_word' id='word_1_296' title='bbox 175 3422 237 3485; x_wconf 91' lang='lat' dir='ltr'>que</span> <span class='ocrx_word' id='word_1_297' title='bbox 259 3397 345 3480; x_wconf 91' lang='lat' dir='ltr'>belli,</span> <span class='ocrx_word' id='word_1_298' title='bbox 366 3398 572 3463; x_wconf 85' lang='lat' dir='ltr'>iureiurando</span> <span class='ocrx_word' id='word_1_299' title='bbox 594 3399 743 3484; x_wconf 90' lang='lat' dir='ltr'>promisit</span> <span class='ocrx_word' id='word_1_300' title='bbox 762 3399 958 3485; x_wconf 89' lang='lat' dir='ltr'>imperatori,</span> <span class='ocrx_word' id='word_1_301' title='bbox 985 3405 1030 3480; x_wconf 89' lang='lat' dir='ltr'>ut,</span> <span class='ocrx_word' id='word_1_302' title='bbox 1056 3401 1084 3462; x_wconf 91' lang='lat' dir='ltr'>si</span> <span class='ocrx_word' id='word_1_303' title='bbox 1105 3397 1204 3464; x_wconf 88' lang='lat' dir='ltr'>vellet</span> <span class='ocrx_word' id='word_1_304' title='bbox 1224 3399 1295 3463; x_wconf 90' lang='lat' dir='ltr'>rnde</span> 
     </span>
     <span class='ocr_line' id='line_1_37' title="bbox 174 3481 1293 3565; baseline -0.003 -15"><span class='ocrx_word' id='word_1_305' title='bbox 174 3485 351 3550; x_wconf 86' lang='lat' dir='ltr'>exercitum</span> <span class='ocrx_word' id='word_1_306' title='bbox 378 3483 543 3563; x_wconf 86' lang='lat' dir='ltr'>reducere,</span> <span class='ocrx_word' id='word_1_307' title='bbox 573 3504 643 3546; x_wconf 91' lang='lat' dir='ltr'>sese</span> <span class='ocrx_word' id='word_1_308' title='bbox 666 3481 860 3548; x_wconf 89' lang='lat' dir='ltr'>deditionem</span> <span class='ocrx_word' id='word_1_309' title='bbox 882 3482 1043 3547; x_wconf 83' lang='lat' dir='ltr'>facturum</span> <span class='ocrx_word' id='word_1_310' title='bbox 1066 3504 1147 3565; x_wconf 89' lang='lat' dir='ltr'>esse,</span> <span class='ocrx_word' id='word_1_311' title='bbox 1170 3483 1205 3547; x_wconf 92' lang='lat' dir='ltr'>in</span> <span class='ocrx_word' id='word_1_312' title='bbox 1226 3482 1293 3548; x_wconf 91' lang='lat' dir='ltr'>loco</span> 
     </span>
     <span class='ocr_line' id='line_1_38' title="bbox 175 3564 1294 3649; baseline -0.001 -18"><span class='ocrx_word' id='word_1_313' title='bbox 175 3567 296 3632; x_wconf 88' lang='lat' dir='ltr'>scilicet</span> <span class='ocrx_word' id='word_1_314' title='bbox 322 3565 555 3635; x_wconf 86' lang='lat' dir='ltr'>Herosfeldiae.</span> <span class='ocrx_word' id='word_1_315' title='bbox 599 3567 735 3632; x_wconf 85' lang='lat' dir='ltr'>Factum</span> <span class='ocrx_word' id='word_1_316' title='bbox 769 3576 816 3632; x_wconf 87' lang='lat' dir='ltr'>est</span> <span class='ocrx_word' id='word_1_317' title='bbox 848 3567 902 3649; x_wconf 91' lang='lat' dir='ltr'>ita,</span> <span class='ocrx_word' id='word_1_318' title='bbox 929 3576 961 3631; x_wconf 88' lang='lat' dir='ltr'>et</span> <span class='ocrx_word' id='word_1_319' title='bbox 989 3564 1096 3631; x_wconf 90' lang='lat' dir='ltr'>adhuc</span> <span class='ocrx_word' id='word_1_320' title='bbox 1125 3569 1218 3632; x_wconf 89' lang='lat' dir='ltr'>testis</span> <span class='ocrx_word' id='word_1_321' title='bbox 1251 3575 1294 3632; x_wconf 90' lang='lat' dir='ltr'>est</span> 
     </span>
     <span class='ocr_line' id='line_1_39' title="bbox 174 3649 1294 3749; baseline -0.001 -34"><span class='ocrx_word' id='word_1_322' title='bbox 174 3649 387 3732; x_wconf 90' lang='lat' dir='ltr'>Herosfeldia,</span> <span class='ocrx_word' id='word_1_323' title='bbox 410 3649 497 3735; x_wconf 91' lang='lat' dir='ltr'>quod</span> <span class='ocrx_word' id='word_1_324' title='bbox 511 3651 557 3714; x_wconf 93' lang='lat' dir='ltr'>ibi</span> <span class='ocrx_word' id='word_1_325' title='bbox 571 3649 735 3735; x_wconf 83' lang='lat' dir='ltr'>Egbcrtus</span> <span class='ocrx_word' id='word_1_326' title='bbox 756 3650 898 3715; x_wconf 89' lang='lat' dir='ltr'>marchio</span> <span class='ocrx_word' id='word_1_327' title='bbox 914 3649 1094 3749; x_wconf 91' lang='lat' dir='ltr'>supplicem</span> <span class='ocrx_word' id='word_1_328' title='bbox 1110 3674 1145 3716; x_wconf 91' lang='lat' dir='ltr'>se</span> <span class='ocrx_word' id='word_1_329' title='bbox 1159 3654 1294 3738; x_wconf 90' lang='lat' dir='ltr'>impera-</span> 
     </span>
     <span class='ocr_line' id='line_1_40' title="bbox 174 3733 1294 3821; baseline 0.003 -22"><span class='ocrx_word' id='word_1_330' title='bbox 174 3737 236 3799; x_wconf 90' lang='lat' dir='ltr'>tori</span> <span class='ocrx_word' id='word_1_331' title='bbox 252 3733 376 3816; x_wconf 91' lang='lat' dir='ltr'>0btulit,</span> <span class='ocrx_word' id='word_1_332' title='bbox 394 3734 480 3819; x_wconf 92' lang='lat' dir='ltr'>quod</span> <span class='ocrx_word' id='word_1_333' title='bbox 495 3736 524 3799; x_wconf 92' lang='lat' dir='ltr'>ei</span> <span class='ocrx_word' id='word_1_334' title='bbox 539 3735 635 3800; x_wconf 88' lang='lat' dir='ltr'>fidem</span> <span class='ocrx_word' id='word_1_335' title='bbox 657 3736 838 3800; x_wconf 90' lang='lat' dir='ltr'>iuramento</span> <span class='ocrx_word' id='word_1_336' title='bbox 852 3737 1009 3821; x_wconf 79' lang='lat' dir='ltr'>promisit,</span> <span class='ocrx_word' id='word_1_337' title='bbox 1029 3734 1118 3821; x_wconf 93' lang='lat' dir='ltr'>quod</span> <span class='ocrx_word' id='word_1_338' title='bbox 1132 3736 1294 3802; x_wconf 89' lang='lat' dir='ltr'>marcham</span> 
     </span>
    </p>
   </div>
   <div class='ocr_carea' id='block_1_4' title="bbox 173 3896 1294 4407">
    <p class='ocr_par' dir='ltr' id='par_1_4' title="bbox 173 3896 1294 4407">
     <span class='ocr_line' id='line_1_41' title="bbox 176 3896 1294 3967; baseline 0.004 -22"><span class='ocrx_word' id='word_1_339' title='bbox 176 3896 205 3964; x_wconf 81' lang='lat'>1)</span> <span class='ocrx_word' id='word_1_340' title='bbox 232 3898 412 3949; x_wconf 79' lang='lat' dir='ltr'>Constitutum</span> <span class='ocrx_word' id='word_1_341' title='bbox 440 3905 505 3962; x_wconf 88' lang='lat' dir='ltr'>erat,</span> <span class='ocrx_word' id='word_1_342' title='bbox 531 3906 561 3950; x_wconf 90' lang='lat' dir='ltr'>ut</span> <span class='ocrx_word' id='word_1_343' title='bbox 580 3901 656 3950; x_wconf 90' lang='lat' dir='ltr'>cuius</span> <span class='ocrx_word' id='word_1_344' title='bbox 677 3899 805 3965; x_wconf 83' lang='lat' dir='ltr'>deinceps</span> <span class='ocrx_word' id='word_1_345' title='bbox 824 3901 853 3949; x_wconf 89' lang='lat' dir='ltr'>in</span> <span class='ocrx_word' id='word_1_346' title='bbox 871 3900 1015 3967; x_wconf 84' lang='lat' dir='ltr'>parrochia</span> <span class='ocrx_word' id='word_1_347' title='bbox 1034 3916 1081 3951; x_wconf 88' lang='lat' dir='ltr'>rex</span> <span class='ocrx_word' id='word_1_348' title='bbox 1101 3907 1183 3963; x_wconf 89' lang='lat' dir='ltr'>esset,</span> <span class='ocrx_word' id='word_1_349' title='bbox 1203 3903 1226 3953; x_wconf 92' lang='lat' dir='ltr'>is</span> <span class='ocrx_word' id='word_1_350' title='bbox 1245 3916 1294 3952; x_wconf 89' lang='lat' dir='ltr'>non</span> 
     </span>
     <span class='ocr_line' id='line_1_42' title="bbox 175 3970 1293 4042; baseline 0.002 -21"><span class='ocrx_word' id='word_1_351' title='bbox 175 3971 261 4022; x_wconf 90' lang='lat' dir='ltr'>solnm</span> <span class='ocrx_word' id='word_1_352' title='bbox 286 3970 398 4022; x_wconf 87' lang='lat' dir='ltr'>tutelam</span> <span class='ocrx_word' id='word_1_353' title='bbox 417 3974 498 4038; x_wconf 85' lang='lat' dir='ltr'>regis,</span> <span class='ocrx_word' id='word_1_354' title='bbox 519 3973 567 4024; x_wconf 93' lang='lat' dir='ltr'>sed</span> <span class='ocrx_word' id='word_1_355' title='bbox 593 3975 683 4024; x_wconf 90' lang='lat' dir='ltr'>omnia</span> <span class='ocrx_word' id='word_1_356' title='bbox 702 3974 852 4039; x_wconf 88' lang='lat' dir='ltr'>susciperet</span> <span class='ocrx_word' id='word_1_357' title='bbox 871 3975 982 4039; x_wconf 81' lang='lat' dir='ltr'>negotia</span> <span class='ocrx_word' id='word_1_358' title='bbox 1005 3990 1076 4040; x_wconf 88' lang='lat' dir='ltr'>quae</span> <span class='ocrx_word' id='word_1_359' title='bbox 1100 3977 1137 4026; x_wconf 88' lang='lat' dir='ltr'>ad</span> <span class='ocrx_word' id='word_1_360' title='bbox 1156 3976 1293 4042; x_wconf 85' lang='lat' dir='ltr'>imperinm</span> 
     </span>
     <span class='ocr_line' id='line_1_43' title="bbox 174 4046 1294 4113; baseline 0.001 -18"><span class='ocrx_word' id='word_1_361' title='bbox 174 4046 347 4113; x_wconf 84' lang='lat' dir='ltr'>pertinerent.</span> <span class='ocrx_word' id='word_1_362' title='bbox 440 4046 469 4112; x_wconf 82' lang='lat'>2)</span> <span class='ocrx_word' id='word_1_363' title='bbox 497 4047 625 4112; x_wconf 88' lang='lat' dir='ltr'>Dignitas</span> <span class='ocrx_word' id='word_1_364' title='bbox 653 4046 782 4113; x_wconf 86' lang='lat' dir='ltr'>primatus</span> <span class='ocrx_word' id='word_1_365' title='bbox 812 4049 929 4097; x_wconf 90' lang='lat' dir='ltr'>omnium</span> <span class='ocrx_word' id='word_1_366' title='bbox 959 4048 1085 4099; x_wconf 84' lang='lat' dir='ltr'>abbatum</span> <span class='ocrx_word' id='word_1_367' title='bbox 1115 4048 1294 4099; x_wconf 79' lang='lat' dir='ltr'>Fuldensibus</span> 
     </span>
     <span class='ocr_line' id='line_1_44' title="bbox 174 4118 1293 4188; baseline 0.001 -19"><span class='ocrx_word' id='word_1_368' title='bbox 174 4135 245 4169; x_wconf 88' lang='lat' dir='ltr'>anno</span> <span class='ocrx_word' id='word_1_369' title='bbox 265 4118 327 4171; x_wconf 86' lang='grc'>968.</span> <span class='ocrx_word' id='word_1_370' title='bbox 347 4120 381 4170; x_wconf 88' lang='lat' dir='ltr'>ab</span> <span class='ocrx_word' id='word_1_371' title='bbox 401 4120 522 4172; x_wconf 85' lang='lat' dir='ltr'>Iohanne</span> <span class='ocrx_word' id='word_1_372' title='bbox 537 4120 617 4172; x_wconf 86' lang='lat' dir='ltr'>XIII.</span> <span class='ocrx_word' id='word_1_373' title='bbox 637 4136 709 4188; x_wconf 88' lang='lat' dir='ltr'>papa</span> <span class='ocrx_word' id='word_1_374' title='bbox 728 4121 828 4172; x_wconf 85' lang='lat' dir='ltr'>tradita</span> <span class='ocrx_word' id='word_1_375' title='bbox 847 4128 896 4172; x_wconf 85' lang='lat' dir='ltr'>est.</span> <span class='ocrx_word' id='word_1_376' title='bbox 972 4119 1001 4188; x_wconf 86' lang='grc'>3)</span> <span class='ocrx_word' id='word_1_377' title='bbox 1021 4121 1182 4173; x_wconf 84' lang='lat' dir='ltr'>Lambertus</span> <span class='ocrx_word' id='word_1_378' title='bbox 1202 4123 1293 4172; x_wconf 75' lang='lat' dir='ltr'>Wese-</span> 
     </span>
     <span class='ocr_line' id='line_1_45' title="bbox 173 4192 1293 4261; baseline 0 -19"><span class='ocrx_word' id='word_1_379' title='bbox 173 4192 257 4242; x_wconf 87' lang='lat' dir='ltr'>linum</span> <span class='ocrx_word' id='word_1_380' title='bbox 277 4192 363 4244; x_wconf 88' lang='lat' dir='ltr'>solum</span> <span class='ocrx_word' id='word_1_381' title='bbox 384 4194 505 4246; x_wconf 90' lang='lat' dir='ltr'>consulto</span> <span class='ocrx_word' id='word_1_382' title='bbox 524 4211 600 4245; x_wconf 88' lang='lat' dir='ltr'>arma</span> <span class='ocrx_word' id='word_1_383' title='bbox 619 4195 654 4246; x_wconf 84' lang='lat' dir='ltr'>ad</span> <span class='ocrx_word' id='word_1_384' title='bbox 674 4210 793 4261; x_wconf 82' lang='lat' dir='ltr'>pugnam</span> <span class='ocrx_word' id='word_1_385' title='bbox 811 4210 922 4261; x_wconf 88' lang='lat' dir='ltr'>parasse</span> <span class='ocrx_word' id='word_1_386' title='bbox 941 4194 1032 4246; x_wconf 87' lang='lat' dir='ltr'>tradit.</span> <span class='ocrx_word' id='word_1_387' title='bbox 1115 4193 1147 4261; x_wconf 84' lang='lat'>4)</span> <span class='ocrx_word' id='word_1_388' title='bbox 1167 4195 1209 4246; x_wconf 76' lang='lat' dir='ltr'>cf.</span> <span class='ocrx_word' id='word_1_389' title='bbox 1229 4208 1293 4260; x_wconf 83' lang='lat' dir='ltr'>quae</span> 
     </span>
     <span class='ocr_line' id='line_1_46' title="bbox 174 4266 1294 4336; baseline 0 -20"><span class='ocrx_word' id='word_1_390' title='bbox 174 4266 334 4318; x_wconf 65' lang='lat' dir='ltr'>irembertus</span> <span class='ocrx_word' id='word_1_391' title='bbox 359 4267 393 4318; x_wconf 86' lang='lat' dir='ltr'>de</span> <span class='ocrx_word' id='word_1_392' title='bbox 418 4267 466 4319; x_wconf 90' lang='lat' dir='ltr'>illo</span> <span class='ocrx_word' id='word_1_393' title='bbox 494 4268 639 4319; x_wconf 84' lang='lat' dir='ltr'>certamine</span> <span class='ocrx_word' id='word_1_394' title='bbox 666 4269 745 4320; x_wconf 88' lang='lat' dir='ltr'>etde</span> <span class='ocrx_word' id='word_1_395' title='bbox 767 4273 879 4319; x_wconf 84' lang='lat' dir='ltr'>cruenta</span> <span class='ocrx_word' id='word_1_396' title='bbox 896 4283 986 4336; x_wconf 83' lang='lat' dir='ltr'>pugna</span> <span class='ocrx_word' id='word_1_397' title='bbox 1012 4267 1030 4319; x_wconf 90' lang='lat' dir='ltr'>l.</span> <span class='ocrx_word' id='word_1_398' title='bbox 1051 4283 1074 4317; x_wconf 89' lang='lat' dir='ltr'>c.</span> <span class='ocrx_word' id='word_1_399' title='bbox 1101 4284 1129 4334; x_wconf 90' lang='lat' dir='ltr'>p.</span> <span class='ocrx_word' id='word_1_400' title='bbox 1152 4269 1215 4320; x_wconf 85' lang='grc'><strong>163.</strong></span> <span class='ocrx_word' id='word_1_401' title='bbox 1236 4267 1294 4316; x_wconf 80' lang='grc'><strong>164.</strong></span> 
     </span>
     <span class='ocr_line' id='line_1_47' title="bbox 174 4338 542 4407; baseline 0 -15"><span class='ocrx_word' id='word_1_402' title='bbox 174 4340 277 4392; x_wconf 87' lang='lat' dir='ltr'>scribit.</span> <span class='ocrx_word' id='word_1_403' title='bbox 359 4338 389 4407; x_wconf 79' lang='lat'>5)</span> <span class='ocrx_word' id='word_1_404' title='bbox 408 4343 439 4394; x_wconf 78' lang='lat' dir='ltr'>A.</span> <span class='ocrx_word' id='word_1_405' title='bbox 462 4341 542 4392; x_wconf 78' lang='lat'>108⁷.</span> 
     </span>
    </p>
   </div>
   <div class='ocr_carea' id='block_1_5' title="bbox 0 0 1412 4830">
    <p class='ocr_par' dir='ltr' id='par_1_5' title="bbox 0 0 1412 4830">
     <span class='ocr_line' id='line_1_48' title="bbox 0 0 1412 4830; baseline 0 0"><span class='ocrx_word' id='word_1_406' title='bbox 0 0 1412 4830; x_wconf 95' lang='lat' dir='ltr'> </span> 
     </span>
    </p>
   </div>
  </div>
 </body>
</html>
