2812 4830
227 368 261 419 26
409 368 460 417 DE
478 367 636 418 UNITATE
655 365 860 419 noctuam:
881 366 1156 419 CONSERVANDA.

227 537 308 601 sicut
338 534 503 620 Sylvester
528 555 614 620 papa
643 543 844 599 attestaturl:
880 549 971 612 Nemo,
995 533 1152 618 inquiens,
1174 551 1354 603 opacasset

228 627 356 678 diaconas
371 625 511 691 presbyter
525 632 636 690 propter
654 625 795 689 quamlibet
814 640 923 675 caueam
941 621 1019 674 intret
1038 623 1067 674 ia
1086 623 1198 686 cariam,
1218 639 1269 674 mee
1289 634 1352 676 aare

226 709 341 761 iadicem
365 706 477 758 cinctam
502 724 612 758 eaasam
637 706 723 757 dicere
737 711 902 771 praesumat,
929 703 1055 769 quoniam
1074 705 1165 770 ommia,
1191 691 1248 772 ait,
1274 706 1351 758 caria

230 808 247 841 a
266 806 358 840 cruore
376 787 482 841 dieitur.
526 775 569 838 Et
591 795 664 838 cum
686 773 901 838 ecclesiastica
922 771 1112 856 prohibeant
1132 774 1265 839 decreta
1289 774 1350 838 sub

229 855 440 921 anathematis
473 859 569 922 etiam
601 857 854 942 interpositione,
881 863 918 918 ut
949 854 1080 921 inferior
1113 856 1252 957 quilibet
1280 881 1352 944 gra-

229 940 290 1004 dus
322 962 386 1004 non
426 952 609 1024 praesumat
646 941 843 1027 superiorem
875 959 1038 1022 accusare,
1075 964 1146 1040 qms
1180 942 1352 1007 accusabit

230 1047 340 1109 regem
362 1025 453 1109 quasi
474 1023 729 1112 praecellentem,
753 1026 815 1106 cui,
838 1025 921 1088 sicut
935 1024 1140 1089 Innocentms
1160 1048 1251 1112 papa
1272 1029 1321 1091 ait
1330 1039 1351 1109 ²,

229 1124 407 1175 servabaatar
432 1140 483 1174 aaa
507 1131 582 1191 pecta
607 1123 696 1175 ommia
722 1126 758 1175 ad
776 1124 940 1176 reddendam
963 1123 1021 1175 Deo
1045 1124 1194 1176 rationem?
1234 1111 1350 1176 Fabia-

229 1213 288 1254 nus
316 1200 437 1276 papa³:
474 1205 572 1269 Omna,
599 1192 714 1276 inquit,
743 1207 790 1271 qm·
814 1204 911 1256 camec
935 1205 1019 1271 obtat,
1043 1207 1149 1270 scatet,
1175 1224 1202 1259 ce
1218 1210 1351 1274 probata-

229 1297 289 1331 ram
307 1298 337 1332 re
356 1297 436 1342 eera,·
459 1279 497 1330 itt
522 1296 623 1345 semper
640 1285 743 1330 caricaa
770 1287 874 1346 apator,
894 1277 940 1327 ubi
958 1280 1056 1331 crimea
1075 1281 1225 1332 admittitur
1232 1300 1242 1344 ,·
1263 1283 1351 1349 etqui

228 1380 282 1414 moa
299 1362 454 1427 probaverit
481 1362 552 1428 qaod
579 1361 677 1425 obiecit,
697 1377 820 1427 poenam,
843 1345 957 1430 inquit,
978 1378 1057 1426 qaam
1079 1362 1198 1415 iatalerr't
1212 1366 1349 1429 patiatur.

229 1430 349 1494 Probet
363 1451 447 1493 nunc
461 1429 515 1492 ille
529 1428 723 1494 Hildebrant
743 1437 799 1492 aut
819 1426 935 1514 aliquis
957 1428 997 1492 de
1019 1437 1109 1514 parte
1124 1433 1203 1512 eius,
1228 1455 1350 1518 regem,

231 1535 327 1600 quem
349 1534 408 1576 nos
431 1512 535 1576 adhuc
557 1513 761 1578 aestimamus
783 1522 819 1575 ut
833 1511 1036 1594 catholicum,
1058 1512 1182 1598 probet,
1205 1516 1349 1602 inquam,

231 1619 304 1662 eum
327 1619 395 1661 esse
417 1596 628 1661 hereticorum
650 1607 811 1661 auctorem
834 1605 866 1660 et
887 1605 1147 1679 consentaneum,
1169 1609 1270 1685 atque
1292 1601 1350 1664 hoc

231 1703 289 1767 per
310 1681 442 1745 idoneos
464 1681 563 1746 faciat
584 1691 689 1762 testes,
721 1681 873 1766 quoniam
896 1678 1112 1745 ecclesiastica
1136 1683 1261 1748 iudicia
1287 1707 1349 1748 non

231 1765 390 1850 recipiunt
418 1786 570 1851 personas
603 1788 685 1851 quae
717 1766 866 1830 dicuntur
892 1765 1042 1847 infames,
1075 1768 1158 1830 sicut
1191 1779 1271 1834 sunt
1305 1771 1349 1832 in-

232 1849 380 1931 cestuosi,
402 1851 532 1936 periuri,
554 1848 742 1930 homicidae,
764 1858 796 1914 et
811 1849 867 1935 qui
881 1848 1029 1914 auferunt
1042 1850 1158 1915 iniuste
1181 1850 1349 1918 facultates

232 1932 393 2017 ccclesiae,
424 1943 456 1998 et
483 1933 540 2019 qui
564 1933 677 1998 fratres
706 1932 940 1997 calumniantur
966 1943 1022 1997 aut
1049 1945 1204 1999 accusant
1231 1947 1265 2001 et
1287 1959 1348 2001 non

231 2019 378 2103 probant,
399 2018 452 2082 vel
473 2020 528 2104 qui
551 2027 662 2082 contra
676 2019 860 2082 innocentes
883 2017 1066 2102 principum
1087 2018 1210 2082 animos
1232 2021 1277 2085 ad
1291 2022 1348 2084 ira-

232 2101 383 2166 cundiam
410 2112 596 2188 provocant,
626 2112 658 2166 et
706 2103 739 2165 ui
760 2099 976 2186 apostolorum
997 2100 1049 2165 vel
1069 2100 1205 2166 fratrum
1228 2115 1347 2170 statuta

231 2185 353 2251 violant
382 2198 413 2251 et
435 2196 550 2266 cetera,
573 2185 613 2249 de
636 2125 753 2271 quihus
779 2183 871 2270 plura
901 2185 1013 2250 scribit
1041 2185 1224 2271 Stephanus
1279 2211 1346 2274 apa.

232 2269 352 2336 Contra
372 2271 452 2334 haec
473 2280 569 2356 atque
591 2268 653 2331 alia
673 2280 876 2334 sacrosancta
897 2290 1057 2333 canonum
1079 2281 1199 2335 statuta
1227 2212 1348 2359 ahquid

232 2353 359 2438 eligere,
392 2353 453 2417 hoc
486 2364 535 2418 est
567 2363 652 2417 certe
685 2353 820 2418 heresim
853 2363 1002 2436 statuere,
1040 2355 1190 2440 quoniam
1228 2356 1346 2422 heresis

233 2437 350 2500 dicitur
371 2437 412 2501 ab
435 2436 599 2502 electione.
642 2437 728 2500 Ecce
751 2448 857 2502 autem
878 2438 968 2502 verbi
989 2440 1092 2523 gratia
1113 2439 1347 2506 Theodericum

232 2542 343 2605 regem
375 2531 508 2585 noverat
538 2520 684 2585 Romana
718 2519 852 2586 ecclesia
884 2521 982 2586 fuisse
1017 2522 1205 2607 hereticum,
1240 2536 1348 2611 utpote

234 2605 416 2685 Arrianum,
446 2626 505 2668 nec
534 2614 642 2668 tamen
672 2606 829 2670 iudicavit
862 2627 944 2687 eum,
972 2606 1028 2671 sed
1055 2608 1158 2691 magis
1189 2612 1348 2694 quaesivit

233 2691 364 2769 interea,
387 2689 448 2754 sibi
470 2711 543 2752 eum
565 2688 632 2752 fore
653 2690 834 2775 pacificum.
878 2690 943 2770 Qui
971 2691 1056 2754 enim
1081 2690 1268 2758 huiusmodi
1295 2704 1347 2776 est,

235 2774 300 2837 iam
321 2773 480 2837 iudicatus
504 2783 561 2853 est,
585 2775 736 2858 quoniam
758 2775 850 2838 iuxta
872 2774 973 2839 sancti
994 2797 1098 2860 papae
1115 2774 1259 2841 Gelasii⁴
1282 2801 1347 2844 sen-

235 2857 368 2922 tentiam
394 2878 491 2936 error‚
520 2857 576 2943 qui
598 2857 695 2922 semel
717 2880 790 2922 cum
813 2879 870 2921 suo
892 2868 1022 2923 auctore
1044 2858 1214 2924 damnatus
1237 2873 1296 2945 est,
1317 2864 1348 2926 in

235 2941 392 3026 participe
415 2941 557 3027 quohbet
577 2964 697 3027 pravae
719 2943 948 3006 communionis
970 2943 1082 3006 effecto
1105 2954 1136 3008 et
1157 2949 1348 3011 exsecratio·

235 3048 310 3089 nem
332 3026 381 3088 sui
401 3035 505 3111 gestat
532 3035 564 3091 et
585 3048 732 3112 poenam.
776 3027 872 3107 Ecce,
893 3027 1035 3112 inquam,
1056 3028 1091 3090 in
1112 3028 1252 3094 Arriano
1275 3052 1349 3117 quo-

236 3132 299 3209 que
331 3131 407 3195 rege
438 3119 627 3258 potestatem
656 3134 675 3174 a
703 3111 775 3174 Deo
804 3111 982 3175 ordinatam
1009 3109 1143 3176 ecclesia
1169 3112 1348 3196 honoravit,

237 3216 298 3276 cu1,
329 3194 411 3259 siout
451 3196 574 3279 egitur⁵
604 3197 635 3257 in
666 3194 802 3258 decretis
825 3193 848 3258 S
873 3194 1010 3258 mmachi
1031 3218 1145 3281 papae,
1170 3197 1349 3284 supplicem

235 3280 337 3364 magis
360 3301 455 3364 quam
469 3279 609 3342 iudicem
630 3279 702 3363 ipsa
721 3299 755 3341 se
775 3279 815 3343 ob
865 3279 900 3342 'tz
921 3293 1032 3359 Sancta,
1050 3280 1208 3365 inquiens,
1231 3299 1348 3364 cyrotus

236 3370 311 3435 apud
338 3369 429 3420 arbem
456 3368 567 3418 Romam
598 3385 630 3418 em
652 3375 793 3433 praecepto
820 3368 1001 3435 gloriosissimi
1027 3370 1096 3436 repis
1131 3370 1289 3423 Theoderici
1319 3388 1348 3423 ea

235 3441 347 3493 diversis
366 3441 516 3509 repiomihas
535 3447 693 3507 eomprepata
711 3440 815 3492 curavit
833 3441 989 3493 dissidentes
1014 3460 1072 3493 eam
1090 3444 1237 3496 humilitate
1252 3463 1348 3510 propo·

236 3514 280 3566 siti
299 3514 342 3565 sai
361 3517 397 3566 ad
416 3514 584 3567 concordiam
603 3513 712 3577 hortari,
732 3514 788 3566 Deo
807 3514 836 3565 ia
855 3516 902 3566 hoc
918 3532 1018 3580 pareas
1046 3525 1070 3568 et
1089 3526 1198 3568 carretae
1218 3517 1348 3583 principis

236 3588 375 3651 volomtati,
395 3594 423 3637 ut
442 3605 496 3638 aaa
510 3588 557 3636 aab
578 3587 712 3638 occasione
731 3587 903 3639 dissensionis
929 3589 1062 3656 comtimpat
1084 3591 1200 3641 membra
1222 3591 1347 3658 dispergi,

236 3661 282 3712 ced
306 3662 390 3728 mapia
410 3678 462 3725 per
486 3660 714 3711 mansuetudinem
737 3661 869 3725 sustineri,
894 3660 961 3712 sicat
983 3662 1043 3712 boni
1066 3680 1115 3714 aas
1138 3664 1226 3728 operia
1246 3665 1348 3714 Paulas

236 3734 360 3801 mapister
377 3735 542 3783 destruxerat
561 3732 657 3797 diceas,
676 3736 811 3800 saaaadoe
825 3752 879 3786 ease
891 3735 1023 3800 plurimos
1041 3736 1260 3802 perpetiendum
1274 3746 1349 3803 atque

237 3924 260 3976 a)
277 3927 332 3965 deest
349 3928 375 3976 1,·
393 3926 462 3975 recepi
477 3938 502 3966 ec
517 3938 550 3976 ep.
567 3928 620 3966 aaa.

239 4104 266 4166 1)
296 4106 430 4171 Excerpta
451 4107 582 4171 quaedam
610 4123 642 4156 ex
667 4107 840 4172 synodalibus
864 4111 948 4171 gestis
973 4108 999 4159 S.
1021 4107 1142 4160 silvestri
1164 4125 1253 4175 papae
1281 4127 1303 4160 c.
1324 4108 1348 4171 b,

237 4179 382 4229 Hinschius
400 4195 426 4244 p,
446 4181 508 4229 449.
571 4179 599 4242 2)
620 4180 764 4232 Hinschius
783 4198 809 4247 p.
829 4180 890 4232 532.
948 4182 975 4244 3)
996 4183 1119 4248 Epistula
1137 4184 1254 4233 Fabiani
1273 4185 1350 4234 tertia

232 4268 261 4303 c.
282 4251 324 4315 28,
353 4252 497 4305 Hinschius
520 4270 547 4318 p.
569 4253 628 4304 168.
713 4255 740 4317 4)
769 4254 892 4320 Epistula
911 4254 1022 4316 Gelasii,
1048 4256 1125 4306 Thiel
1150 4256 1168 4307 1.
1190 4273 1213 4307 c.
1239 4274 1267 4323 p.
1288 4257 1348 4306 399.

238 4327 266 4387 b)
286 4326 431 4377 Hinschius
450 4344 476 4393 p.
498 4327 559 4377 662.
580 4335 606 4378 et
626 4327 688 4377 663.
