2812 4830
253 389 304 439 DE
323 388 480 440 UNITATE
499 387 704 440 EOOLESIAE
725 388 1002 443 CONSERVANDA.
1156 392 1191 441 35

66 556 146 621 fidei
182 555 311 620 dileetio
349 564 414 637 est,
456 557 540 620 sicut
580 555 746 641 apostolus
782 567 931 622 testatur:
985 559 1101 640 Fides,
1143 558 1191 620 16-
1203 590 1254 631 (321,
1265 590 1316 643 m,

90 642 195 724 61666,
225 664 310 726 quae
337 661 402 723 per
430 639 633 704 dilectionem
667 652 834 724 operatur.
878 641 973 706 Unde
1001 653 1033 706 et
1063 652 1192 706 sanctus

66 663 228 789 lohannes
258 722 438 810 apostolus:
473 724 596 805 Ouuis,
623 725 738 810 inquit,
761 729 910 810 spiritus,
933 729 992 810 qui
1013 727 1192 809 coafitetur,
1204 760 1345 812 1,10h,4‚2,

67 811 179 873 Iesum
196 809 360 875 Christum
381 810 419 870 16
442 830 542 871 66666
564 811 698 888 6661666,
720 832 760 871 ea
778 810 849 873 Deo
866 820 920 874 661.
950 809 1192 874 0661666166616

67 892 217 957 hocloco
239 914 306 956 non
321 891 424 956 solum
441 891 617 956 catholicae
632 891 718 974 fidei,
741 893 797 956 sed
819 905 851 957 et
866 895 1061 979 operationis
1078 893 1209 978 bonae,

68 998 155 1063 quae
187 977 223 1040 fit
251 999 310 1062 per
339 976 516 1057 caritatem,
548 977 697 1060 requirit,
731 975 851 1062 alioqui
877 977 1022 1041 nonnulli
1051 978 1192 1061 heretici,

68 1060 165 1125 multi
197 1061 381 1141 scismatici,
415 1059 471 1123 sed
504 1069 536 1123 et
568 1059 660 1123 multi
691 1059 763 1123 falsi
797 1062 963 1124 christiani
991 1063 1193 1143 confitentur,

67 1146 181 1210 Iesum
211 1143 376 1209 Christum
402 1144 436 1206 in
466 1164 562 1206 carne
591 1144 728 1224 venisse,
756 1144 814 1208 sed
842 1144 1075 1210 confessionem
1101 1167 1194 1210 suam

67 1229 165 1294 factis
191 1250 231 1292 ne
255 1239 320 1310 ant,
349 1249 414 1291 non
440 1226 589 1292 habendo
618 1229 794 1292 caritatem.
839 1229 964 1292 Caritas
986 1231 1107 1315 quippe
1128 1229 1194 1293 Dei

68 1313 173 1376 filium
206 1250 344 1376 adduxit
375 1312 416 1375 ad
450 1331 590 1393 earnem,
618 1322 650 1376 61
676 1311 749 1375 ideo
779 1322 886 1398 negat,
915 1312 1006 1377 illum
1033 1315 1067 1376 in
1098 1335 1194 1378 earne

67 1397 207 1479 venisse,
241 1397 387 1483 quisquis
420 1418 486 1460 non
517 1394 615 1460 habet
646 1399 822 1460 caritatem.
865 1398 970 1482 Igitur
1003 1417 1084 1482 opus
1117 1397 1194 1462 fidei

68 1479 200 1546 dilectio
216 1494 274 1563 661,
296 1480 353 1544 sed
367 1481 458 1544 Deus
473 1479 602 1543 dilectio
617 1489 675 1562 est,
698 1501 795 1565 quam
817 1480 897 1545 dicit
918 1481 1082 1565 apostolus
1104 1480 1269 1545 habi-nom.
1281 1504 1332 1558 ss.

67 1578 139 1630 tare
160 1567 196 1629 in
211 1563 361 1629 cordibus
376 1563 536 1646 fidelium3
558 1563 638 1627 fides
661 1565 747 1627 enim
762 1575 818 1627 tua
839 1565 879 1628 de
896 1564 1023 1629 Christo
1047 1565 1194 1630 Christus

68 1659 121 1714 est
141 1651 176 1712 in
190 1649 287 1713 corde
303 1658 369 1713 166.
402 1648 438 1712 si
459 1648 538 1711 fides
556 1653 590 1710 in
605 1648 709 1729 nobis,
733 1647 881 1712 Christus
903 1651 937 1712 in
952 1648 1061 1732 nobis;
1108 1672 1192 1733 uem,

70 1731 199 1798 scilicet
215 1734 335 1814 Iesum,
357 1730 463 1812 solvit,
486 1732 631 1817 quisquis
653 1733 750 1795 fidem
772 1731 919 1797 absolvit.
956 1734 1025 1798 sea
1041 1672 1193 1814 audistis,
1202 1745 1357 1798 11616111»

69 1818 188 1903 inquit,
201 1820 281 1902 quia
294 1818 416 1880 dietum
428 1825 474 1879 661
486 1818 651 1900 antiquis:
667 1817 716 1879 ‘N
714 1839 756 1880 ou
762 1817 942 1900 peierabis,
957 1818 1073 1880 reddes
1087 1828 1193 1883 autern
1254 1805 1292 1845 ⁸⁴·

70 1902 217 1966 Dour-iao
248 1901 486 1965 iusiurandum
515 1902 632 1981 tuum’,·
667 1922 725 1985 epo
755 1909 862 1963 auteur
892 1902 965 1964 dico
987 1902 1092 1981 uobis,
1125 1925 1193 1966 666

69 1989 188 2050 iurare
217 1987 357 2049 6616166.
397 1983 460 2047 Η16
487 1993 584 2067 atque
609 1981 680 2045 aliis
703 1982 767 2047 Dei
789 1983 947 2047 mandatis
976 1984 1106 2048 credere
1132 1984 1194 2048 hoc

71 2078 123 2134 est
149 2067 247 2132 fidem
276 2079 395 2149 tenere,
424 2067 486 2131 hoc
508 2080 557 2131 est
580 2066 742 2132 Christum
764 2068 797 2129 in
820 2067 973 2131 cordibus
996 2069 1194 2132 credentium

71 2151 230 2232 habitare,
260 2153 352 2215 cuius
381 2149 481 2216 verba
509 2172 574 2214 non
603 2160 739 2235 possunt
764 2148 857 2214 aliter
878 2152 958 2232 fieri,
982 2173 1078 2237 quarn
1100 2154 1193 2216 iuxta

68 2237 208 2302 verbum
222 2236 298 2318 Dei,
312 2235 399 2322 quod
413 2247 461 2300 est
478 2233 563 2298 filius
576 2234 652 2300 Dei.
674 2234 850 2319 Proposuit
864 2236 950 2300 enim
965 2238 994 2299 ei
1010 2236 1097 2299 istud
1112 2235 1193 2321 legis

70 2320 271 2402 mandatum,
287 2320 343 2405 qui
352 2318 496 2383 nondum
507 2320 653 2382 aseendit
666 2319 707 2381 ad
719 2319 846 2383 culmen
858 2319 1093 2404 euangelicum:
1109 2320 1194 2383 Red-

71 2407 140 2486 des,
155 2405 314 2491 inquiens,
328 2405 470 2468 Domino
485 2406 703 2467 iurarueuturu
717 2412 807 2467 tuum
814 2427 827 2485 ,·
843 2404 931 2467 vobis
947 2414 1063 2485 auteur,
1078 2404 1194 2490 inquit,
1203 2427 1261 2468 666.

71 2491 158 2571 61166,
182 2489 237 2573 qui
259 2509 324 2551 non
346 2487 422 2552 estis
444 2485 604 2570 sublege,
626 2486 683 2551 sed
705 2485 765 2550 sub
784 2485 972 2570 euangelica
986 2487 1193 2572 perfectione,

72 2596 141 2637 666
174 2575 291 2637 iurare
314 2574 453 2636 6616166.
497 2569 624 2634 lustitia
645 2580 753 2633 autem
779 2570 1026 2635 Pharisaeorum
1048 2582 1106 2654 est,
1128 2593 1194 2636 non

72 2655 232 2739 occidere,
258 2678 324 2720 non
352 2656 506 2740 peierare.
556 2653 623 2718 Sed
648 2677 721 2718 aere
750 2655 822 2719 dieo
851 2655 951 2736 uobis,
979 2657 1094 2741 inquit,
1126 2659 1280 2720 61616661.
1290 2680 1355 2733 sao.

73 2740 295 2805 abundaverit
314 2741 444 2804 iustitia
464 2748 574 2803 uestra
589 2737 672 2822 plus
694 2761 793 2824 quara
815 2739 999 2804 scribarum
1022 2740 1191 2804 61111661-

70 2847 235 2905 saeorum,
258 2846 325 2887 666
347 2823 573 2887 161661111616
595 2844 732 2907 requam
754 2821 926 2886 caelorum.
970 2821 1192 2909 Quodcunque
1201 2848 1265 2888 666.
1277 2847 1356 2901 ssu.

72 2918 180 2972 661661
201 2910 337 2987 6666116,
359 2908 441 2970 61661
458 2929 516 2990 per
532 2904 736 2969 Salomonem
752 2905 879 2986 dicitur,
900 2908 1009 2989 redde,
1032 2907 1193 2992 multoque

71 2991 189 3056 6661166
211 3000 266 3073 661,
289 3014 356 3055 666
378 3013 500 3071 uouere,
523 3012 622 3073 quara
640 2999 717 3088 post
731 2998 839 3052 661661
849 2993 1016 3072 promissa
1037 3013 1101 3054 666
1122 2991 1193 3054 red-

71 3077 157 3142 dere.
199 3075 360 3160 Displicet
388 3075 474 3138 enim
503 3074 576 3138 Deo
603 3071 740 3136 infidelis
770 3082 801 3135 et
830 3071 927 3136 stulta
953 3075 1134 3158 promissio,
1162 3083 1194 3137 et

72 3162 103 3224 si
134 3162 173 3224 16
205 3182 346 3223 uacuum
379 3159 501 3243 aliquis
529 3158 700 3237 iurauerit,
733 3178 800 3219 666
832 3157 1075 3239 iustificabitur,
1109 3159 1355 3230 montanearum.

70 3244 230 3328 sapientia
245 3243 309 3306 Dei
324 3242 466 3328 loquitur
486 3244 520 3305 in
535 3239 617 3305 libro
632 3239 871 3304 Ecclesiastico.
894 3239 1054 3321 Audistis,
1078 3241 1192 3324 inquit,
1202 3256 1360 3306 11661631·

71 3330 153 3411 quia
165 3328 287 3391 dictura
298 3336 344 3390 661
354 3328 513 3410 antiquis:
530 3323 795 3408 ‘Noupeierabis,
809 3324 924 3387 reddes
936 3335 1042 3389 autem
1050 3325 1192 3389 Domino

71 3414 290 3476 iuramentum
311 3412 422 3489 tuam',
445 3407 666 3495 qainondam
689 3407 863 3472 ascendisti
884 3407 927 3471 ad
949 3407 1075 3471 culmen
1098 3429 1193 3472 euan-

71 3494 223 3580 gelicum,
245 3494 304 3559 ubi
324 3493 515 3578 prohibetur
537 3494 666 3557 omnino
688 3493 914 3556 iuramentum.
957 3492 1106 3577 Denique
1127 3512 1193 3555 non

70 3578 280 3663 implentibus
306 3599 345 3642 ea
372 3598 455 3663 quae
483 3577 624 3661 antiquis
651 3578 685 3638 in
712 3574 783 3659 lege
804 3577 957 3641 iubentur
986 3575 1192 3639 maledictum

71 3664 169 3728 etiam
191 3663 396 3748 proponitur:
425 3662 631 3741 Maledictus,
661 3660 776 3744 inquit,
803 3663 861 3745 qui
888 3682 954 3724 666
970 3662 1193 3744 permanserit
1202 3679 1354 3732 neuturus.

71 3750 109 3812 iu
137 3747 285 3811 66161166
315 3743 917 3831 66666666166661161116616916,
948 3754 984 3806 ut
998 3743 1114 3828 faciat
1143 3767 1191 3826 ea,

71 3840 102 3894 et
123 3841 282 3896 contestor
302 3831 391 3894 uobis
407 3852 472 3912 per
492 3827 616 3893 caelum
638 3837 667 3890 61
687 3837 819 3908 terram,
863 3827 939 3909 uod,
961 3829 991 3892 si
1005 3850 1072 3891 666
1091 3837 1193 3892 66616-

72 3917 203 3980 dieritis
225 3915 388 3980 maudata
412 3915 538 3978 61616161
552 3913 618 3975 Dei
638 3913 745 3991 vestri,
762 3851 915 3996 peribitis
938 3912 1061 3994 afaeie
1076 3920 1191 3974 terrae.

72 3999 171 4080 Quod
198 4000 226 4062 si
252 3999 413 4079 iubentur,
444 3997 499 4095 qui
527 3994 587 4060 sub
617 3993 768 4057 mandato
796 3993 875 4078 legis
905 4004 980 4058 6661
1008 3995 1100 4079 quasi
1132 3992 1191 4058 sub

70 4083 223 4168 paedago
248 4105 281 4164 6,
314 4083 504 4166 interpomta
541 4078 765 4143 maledictione
798 4078 939 4141 Domino
976 4078 1190 4141 iuramentum

71 4189 168 4231 suum
190 4105 334 4247 reddere,
364 4163 460 4263 quod,
482 4173 518 4232 61
539 4184 639 4248 supra
660 4161 782 4225 dictum
805 4169 862 4240 est,
890 4161 984 4224 datur
1006 4161 1065 4224 sub
1088 4180 1264 4224 saera-eur.

71 4261 181 4316 mento
197 4250 352 4331 veritatis,
374 4248 486 4312 ludicii
508 4258 540 4312 et
560 4247 709 4326 iustitiae,
732 4245 811 4330 quid
832 4244 887 4308 fiet
908 4243 1017 4308 dehis
1040 4246 1097 4341 qui
1119 4264 1192 4307 eon-

70 4337 275 4419 stringuntur
302 4334 362 4398 sub
391 4334 513 4396 maiore
548 4337 747 4395 sacramento
781 4327 972 4392 christianae
1004 4325 1192 4410 rengionist

923 4428 962 4476 ὃ*
