2812 4830
191 339 243 389 120
373 340 423 390 DE
441 338 600 390 UNlTA'l'E
619 336 826 390 sconsam:
847 336 1125 391 CONSERVANDA.

188 529 270 590 rum,
294 522 391 575 scisnm
411 521 444 572 ab
464 519 613 572 animorum
636 520 753 573 scissura
772 529 890 582 vocatur,
919 505 1009 569 culus
1038 514 1147 571 seciae
1174 505 1298 571 aemula-

188 601 274 657 tores
308 589 512 671 definiuntur,
545 588 631 676 quod
653 603 741 655 eodem
759 603 840 666 ouda,
860 604 949 655 eodem
972 603 1028 654 ritu
1047 606 1158 657 credant
1176 613 1207 658 at
1224 608 1300 672 oeten,

189 690 236 742 ssd
267 690 321 742 solo
354 687 564 755 conprepationis
598 684 731 739 discidio·
763 685 931 737 delectentur.
982 685 1029 737 Fit
1060 696 1164 752 autem,
1197 674 1301 760 inquil,

189 763 293 827 scisma,
319 779 378 814 cum
404 759 495 813 dicunt
519 761 649 813 domines:
677 759 733 810 Nos
758 756 823 809 iusti
849 775 948 822 sumus,
972 776 1020 810 nos
1044 762 1239 828 emendicamus
1261 762 1301 816 in·

188 844 310 907 mundos,
342 850 366 896 et
396 850 483 894 aetem
514 843 608 893 deorum
638 841 745 892 similia.
810 825 876 890 Sed
916 826 1034 891 scisma
1070 832 1205 913 gravius
1241 853 1302 897 esse

190 911 294 976 scelus
330 932 429 997 quam
464 907 655 992 idolatriam,
693 909 865 975 didicimus
898 933 940 974 ex
972 912 1156 978 testimonio
1195 915 1302 981 Sacrae

64 995 385 1096 Nun¹·¹⁶2Scripturae,
408 995 558 1081 quoniam
580 992 697 1078 legitur
717 995 751 1058 in
764 994 875 1058 Veteri
890 994 1107 1080 Testamento,
1129 998 1301 1066 idolatriam

75 1059 170 1102 ΜΒ·
188 1079 296 1166 gladro
328 1079 472 1164 punitam
509 1100 588 1158 esse,
622 1079 739 1142 scisma
776 1087 883 1143 autem
915 1078 1006 1144 hiatu
1037 1090 1153 1147 terrae.
1210 1085 1302 1171 Igitur

189 1164 401 1230 aemulatores
423 1165 490 1228 sive
505 1173 652 1227 auctores
673 1164 870 1245 scismatum,
892 1185 974 1249 quae
990 1163 1113 1230 dudum
1137 1168 1302 1234 factasunt

189 1250 224 1314 in
252 1246 387 1314 ecclesia
413 1248 533 1333 pariter
563 1257 594 1311 et
623 1248 655 1309 in
678 1269 712 1309 re
735 1245 873 1332 publica,
903 1257 1015 1312 extant
1037 1252 1213 1338 praecipue
1264 1255 1302 1317 ui·

189 1334 264 1398 dam
286 1334 342 1419 qui
362 1332 513 1396 dicuntur
534 1331 682 1395 monachi
704 1334 744 1394 de
760 1332 956 1417 Hyrsaugia,
979 1355 1021 1396 ex
1041 1355 1179 1420 quorum
1202 1276 1301 1402 sellae

189 1417 338 1504 pervenit
358 1416 401 1480 ad
416 1437 475 1480 nos
490 1414 569 1479 haec
593 1415 632 1479 de
648 1438 712 1501 qua
733 1424 906 1480 tractamus
929 1417 1074 1502 epistola,
1098 1442 1182 1506 quae
1200 1432 1301 1487 contra

190 1500 399 1587 apostolicam
419 1499 527 1565 sedem
551 1508 582 1563 et
597 1509 708 1564 contra
722 1502 844 1585 regiam
859 1509 1052 1586 potestatem
1067 1515 1116 1568 est
1131 1505 1302 1592 descripta3

190 1597 222 1650 et
250 1585 436 1649 intestinum
463 1582 542 1647 illud
569 1583 698 1665 bellum,
749 1607 791 1648 uo
820 1585 854 1648 in
881 1583 990 1671 plures
1020 1597 1123 1652 sectas
1156 1590 1224 1653 iam
1256 1590 1302 1654 diu

191 1670 311 1734 scissus
340 1677 388 1732 est
414 1666 584 1754 singularis
612 1667 665 1734 ille
695 1607 773 1733 ordo
801 1670 1040 1752 monachorum,
1063 1693 1140 1736 ecce
1163 1675 1302 1760 pervenit

190 1753 232 1819 ad
253 1752 418 1838 publicum
440 1751 568 1817 malum.
604 1752 668 1833 Qui
690 1754 775 1817 enim
790 1752 969 1819 debuerant
990 1777 1023 1818 se
1040 1758 1206 1823 continere
1228 1761 1303 1824 intra

191 1836 378 1902 solitudines
408 1838 684 1917 monasteriorum,
716 1839 838 1922 egressi
870 1848 944 1904 sunt
975 1839 1059 1903 ultra
1091 1844 1247 1909 terminos
1276 1852 1303 1906 et

192 1923 436 1987 constitutiones
459 1933 598 2008 patrum,
621 1944 698 1985 usur
723 1933 813 1986 antes
842 1922 905 1987 sibi
927 1935 1038 1988 contra
1059 1924 1204 1991 divinam
1228 1927 1301 1992 ordi-

188 2007 351 2072 nationem
374 2006 555 2092 disponere,
577 2008 676 2070 immo
696 1945 858 2071 destruere
872 2029 1008 2090 regnum
1030 2018 1062 2073 et
1076 2010 1301 2094 sacerdotium

189 2093 245 2178 qui
274 2093 404 2155 mittunt
431 2091 682 2177 circumquaque
713 2089 844 2176 angelos
878 2091 968 2156 verbi
996 2093 1046 2155 sui
1074 2094 1303 2178 praedicantes,

188 2177 277 2262 apud
305 2199 339 2242 se
369 2197 508 2261 suosque
537 2185 709 2240 sectatores
739 2197 809 2239 esse
839 2184 962 2240 tantum
993 2176 1162 2242 ecclesiam
1185 2180 1250 2244 Dei
1276 2189 1301 2245 et

188 2261 342 2326 iustitiam
357 2260 422 2324 Dei
443 2270 475 2324 et
489 2268 600 2323 sancta
614 2259 793 2324 sacerdotia
806 2258 887 2341 Dei3
910 2260 966 2345 qui
986 2257 1047 2324 hoc
1063 2263 1161 2326 etiam
1176 2264 1302 2345 addunt,

189 2345 272 2410 sicut
292 2347 436 2431 ipsorum
459 2344 602 2407 indicant
631 2345 759 2428 scripta,
793 2343 879 2490 oppod
901 2347 965 2407 sint
987 2343 1140 2411 caelestes
1163 2358 1231 2413 ets
1256 2349 1300 2413 iri·

189 2427 268 2494 tales
298 2435 330 2492 et
358 2427 416 2491 filii
438 2428 530 2492 Dei1.
574 2427 661 2513 Ergo
688 2449 804 2491 monac
826 2449 864 2490 us
885 2429 1116 2514 interpretatur
1138 2432 1212 2519 sing
1245 2435 1301 2497 aris

190 2512 257 2576 sive
280 2511 450 2576 solitarius
493 2511 544 2575 De
572 2511 738 2576 monachis
761 2511 890 2598 quidem
918 2511 978 2575 hoc
1002 2516 1211 2580 constitutum
1233 2516 1302 2602 legi·

190 2607 242 2661 tur
262 2597 297 2659 in
313 2593 568 2660 Chalcedonensi
589 2597 712 2680 synodo
722 2608 743 2678 ²,
767 2594 905 2682 capitulo
920 2599 955 2661 4:
980 2611 1034 2675 Qut
1051 2630 1081 2666 re
1100 2631 1166 2666 vera
1185 2623 1210 2668 et
1224 2616 1301 2669 nsai-

180 2687 253 2751 seste
268 2685 416 2737 solitariam
428 2685 509 2736 eitam
521 2693 664 2749 sectantur,
677 2687 775 2738 honore
789 2687 1109 2754 competentifunpantar.
1135 2688 1234 2741 Veram
1245 2707 1301 2757 pao-

188 2758 263 2810 niam
281 2758 410 2825 quidamc
427 2759 476 2809 sul>
488 2767 629 2823 praetextu
642 2759 747 2812 laidus
760 2760 923 2811 monachalis
943 2760 1064 2811 eeclesias
1083 2768 1108 2811 et
1123 2771 1265 2815 concentus
1282 2769 1303 2814 et

189 2849 232 2883 res
251 2849 397 2883 communes
418 2832 578 2897 disturbant,
598 2831 716 2885 ciuitates
734 2833 874 2885 indiscrete
894 2832 1082 2885 circumeuntes
1102 2843 1126 2886 et
1145 2836 1302 2890 monasteria

190 2912 339 2958 construere
352 2907 494 2971 studentes,
503 2906 618 2973 placuit,
631 2908 732 2957 nullum
746 2924 859 2972 usquam
873 2905 1014 2973 aedificare
1021 2924 1101 2972 posse
1113 2925 1200 2975 neque
1218 2927 1302 2962 mona

188 2979 297 3031 sterium
319 2987 469 3032 construere
493 2997 578 3047 aeque
597 2980 743 3032 oratorium
767 2981 864 3046 absque
889 2979 1004 3031 ciuitatr‘s
1023 2980 1140 3046 episcopi
1158 2983 1302 3045 nolentata·

190 3054 331 3105 monachos
356 3071 427 3119 uero,
454 3053 500 3120 qui
525 3062 588 3105 sunt
606 3071 659 3121 per
678 3055 798 3121 sinpulas
818 3053 935 3104 ciuitates
955 3062 979 3104 et
993 3052 1161 3118 prouincias,
1181 3056 1304 3123 episcopis

189 3127 308 3180 subditos
337 3144 391 3179 esse
416 3136 439 3180 et
465 3126 577 3194 quietem
602 3129 720 3195 dilipera
745 3125 852 3178 ieiuniis
877 3133 900 3178 et
919 3126 1083 3178 orationibus
1103 3136 1237 3183 contentos
1256 3145 1303 3183 esss

190 3209 214 3252 et
231 3201 261 3254 in
279 3200 333 3253 illis
351 3201 414 3253 locis
428 3218 610 3267 perseverare,
629 3200 658 3252 in
677 3201 772 3268 quibus
790 3200 895 3251 saeculo
915 3199 1039 3252 videntur
1060 3202 1238 3267 renuntiasse,
1263 3219 1302 3255 ae·

189 3291 324 3343 quaquam
350 3282 437 3327 autem
462 3274 642 3326 ecclesiasticis
668 3275 711 3326 uel
734 3272 916 3324 saecularibus
940 3274 1018 3325 rebus
1042 3275 1238 3328 communicare
1260 3292 1305 3328 nse

189 3348 412 3415 importunitatem
430 3348 540 3412 inferre,
560 3348 680 3414 propriis
705 3347 871 3399 monasteriis
890 3345 1008 3410 desertis,
1034 3345 1087 3398 nisi
1098 3349 1175 3415 forte
1197 3348 1306 3416 quaesiti

188 3421 290 3474 tuerint
305 3428 417 3488 propter
436 3437 544 3471 causam
562 3423 737 3473 necessariam
759 3439 776 3470 a
789 3418 902 3472 ciuitatis
922 3419 1050 3486 episcopo.
1078 3420 1141 3472 Non
1156 3439 1212 3475 esse
1225 3423 1303 3476 susci·

184 3493 315 3560 piendum
339 3512 444 3547 sanum
459 3493 621 3557 faciendum
644 3495 801 3546 monachum
821 3503 931 3559 praeter
950 3491 1060 3559 proprii
1083 3494 1187 3546 damini
1215 3499 1304 3548 colun·

189 3576 276 3621 tatem.
310 3568 364 3630 Qui
383 3583 444 3618 vero
464 3567 511 3619 lsoc
530 3568 699 3620 constitutum
717 3574 836 3619 nostrane
855 3566 1002 3627 excesserit,
1023 3584 1081 3618 eum
1095 3586 1113 3618 a
1128 3569 1305 3622 communione

189 3652 318 3716 suspendi
335 3650 508 3713 decrevimus,
527 3665 560 3701 ne
578 3667 673 3700 nomen
691 3649 745 3702 Dei
764 3649 965 3716 blasphemetur.
998 3633 1089 3700 Haec
1111 3645 1160 3701 est
1176 3635 1302 3702 Chalce-

187 3795 210 3849 s)
227 3797 323 3838 dissidio
341 3799 362 3839 1.
421 3794 446 3847 b)
462 3795 541 3836 scohla
558 3799 578 3838 1.
638 3795 660 3848 c)
675 3798 707 3838 ita
722 3797 851 3848 Hs'nscln'us5
866 3799 960 3848 quidem
977 3801 997 3840 1.

190 3930 216 3991 1)
244 3929 286 3981 af.
309 3929 393 3980 verbs
418 3931 543 3982 carminis
562 3930 833 3981 Laureshamensium
857 3932 1047 3982 monachorum
1074 3933 1244 4000 expulsorum
1268 3929 1301 3984 ad

187 4003 343 4054 Heinricum
358 4004 390 4054 V.
411 4010 503 4055 contre
521 4004 727 4068 Hirsaugienses
747 4004 808 4070 (SS.
828 4005 903 4066 XXI,
922 4023 948 4072 p.
964 4004 1047 4072 430):

406 4075 529 4129 Attamen
548 4077 577 4127 lei
596 4077 662 4128 tales
681 4075 810 4128 simulant
828 4094 855 4128 se
874 4078 1036 4143 spirituales,

407 4149 471 4202 Oura
489 4158 592 4202 tanturn
610 4149 662 4201 uisi
680 4167 740 4200 moa
759 4150 934 4202 inclamantur
952 4151 1046 4217 iniqui.

187 4223 215 4288 2)
234 4223 381 4275 Hinschius
399 4223 417 4275 l.
432 4241 455 4276 c.
474 4243 502 4293 p.
522 4225 588 4286 2853
608 4225 697 4274 Mansi
709 4224 757 4284 VI,
777 4241 802 4290 p.
822 4225 906 4289 12263
926 4241 1038 4291 quorum
1056 4229 1145 4277 textus
1164 4225 1302 4277 sententiis

185 4298 302 4364 omnino,
321 4298 411 4350 verbis
429 4301 474 4350 vix
493 4298 576 4350 semel
596 4314 657 4349 cum
676 4297 728 4348 hoc
748 4299 880 4363 congruit.
