2812 4830
241 393 291 442 DE
311 390 467 443 UNITATE
489 390 689 442 auctusne:
709 390 984 442 CONSERVANDA.
1137 389 1170 437 29

57 564 244 630 imperarunta
263 571 286 616 et
304 566 463 629 imperantes
477 563 549 631 filios
568 571 649 614 morte
664 564 776 628 placida
794 563 957 628 reliquerunt
980 572 1004 615 et
1023 564 1107 615 bastes
1132 566 1172 616 rei

53 639 177 702 publicae
190 639 347 689 domuerunt
367 646 390 689 et
408 636 527 688 inimicos
546 636 614 687 ciues
628 638 755 688 aduersus
773 654 801 688 se
819 636 983 704 insurpentes
1004 646 1027 688 et
1042 655 1134 689 canere
1148 648 1171 690 et

59 712 204 776 opprimere
219 719 372 776 potuerunt,
391 712 438 761 sed
448 709 544 776 felices
563 726 606 760 eos
625 708 745 774 dicimus,
769 711 793 760 si
811 711 877 762 iuste
896 711 1034 776 imperant,
1060 711 1084 762 si
1102 713 1171 762 iuter

58 784 165 852 linquas
190 785 335 835 sublimiter
355 783 542 835 honorantium
561 788 585 833 et
603 783 726 848 obsequia
744 782 822 834 nimis
841 783 973 835 humiliter
996 784 1171 837 salutantium

56 875 111 908 non
129 853 318 921 extollunturb,
337 857 384 907 sed
402 873 429 907 se
448 855 563 907 homines
582 872 636 906 esse
655 856 825 907 meminerunt
833 863 854 918 ⁰,
878 855 902 906 si
925 875 1002 907 suam
1016 866 1171 922 potestatem

58 932 95 981 ad
113 931 166 982 Dei
190 933 289 981 cultum
313 931 426 981 manime
452 928 619 980 dilatandum
644 930 777 979 maiestati
795 928 851 980 eius
862 931 998 996 famulam
1009 933 1128 997 faciunt,
1148 931 1171 983 si

56 1003 144 1054 Deum
168 1003 264 1066 timent,
290 1002 313 1053 si
335 1001 457 1069 dilipunt,
481 1003 576 1064 colunt,
600 1001 624 1052 si
637 1002 702 1067 plus
722 1011 813 1053 amant
830 1002 900 1054 illud
916 1021 1034 1070 repnum,
1053 1005 1100 1054 ubi
1117 1023 1171 1057 nou

57 1077 147 1128 timent
166 1077 262 1127 habere
282 1083 419 1139 consortes,
438 1074 462 1126 si
480 1075 584 1126 tardius
603 1075 749 1138 vindicant,
762 1076 848 1140 facile
860 1077 1006 1142 ipnoscunt,
1025 1077 1049 1127 si
1061 1079 1170 1130 eandem

57 1149 203 1201 uindictam
218 1167 269 1214 pro
288 1149 439 1200 necessitate
451 1149 581 1215 rependas
594 1149 759 1214 tuendaeque
772 1147 811 1200 rei
819 1148 951 1215 publicae,
971 1168 1025 1202 non
1032 1168 1084 1216 pro
1097 1161 1170 1202 satu·

58 1222 154 1273 randis
172 1221 371 1272 inimicitiarum
391 1221 458 1273 odiis
478 1229 605 1285 exercent,
631 1221 655 1271 si
677 1222 788 1273 eandem
807 1221 911 1274 ueniam
929 1241 983 1274 non
1003 1226 1039 1274 ad
1056 1225 1170 1289 impuni-

58 1303 137 1348 tatem
155 1294 311 1360 iniquitatis,
337 1295 383 1346 sed
402 1296 439 1346 ad
457 1311 529 1360 spem
547 1295 713 1346 correctionis
733 1293 879 1362 indulpent,
905 1296 936 1356 si,
961 1293 1054 1362 quodd
1078 1315 1171 1363 aspere

58 1377 188 1435 coquntur
208 1371 363 1433 plerumque
386 1369 534 1429 decernere,
559 1367 775 1419 misericordiaee
802 1368 908 1420 lenitate
937 1378 961 1420 et
989 1371 1171 1436 beneficiorum

59 1441 182 1508 larpitate
208 1449 383 1506 compensant,
408 1441 432 1491 si
455 1442 566 1492 luuuria
590 1447 662 1492 tanto
681 1439 715 1491 iis
734 1451 772 1493 est
792 1442 952 1508 eastipatior,
972 1450 1071 1507 quanto
1085 1445 1171 1509 possit

59 1532 113 1567 esse
138 1514 249 1578 liberior,
274 1514 298 1565 si
318 1516 421 1565 malunt
440 1513 630 1595 cupiditatibus
649 1513 744 1579 prame
770 1533 849 1581 quam
874 1516 1030 1580 quibuslibet
1051 1518 1171 1583 pentibus

57 1588 196 1652 imperare,
215 1597 239 1638 et
257 1586 281 1638 si
299 1588 363 1639 baec
382 1586 470 1639 omnic
481 1587 600 1654 faciunt,
619 1605 673 1639 non
684 1597 795 1653 propter
813 1590 936 1640 ardorem
953 1587 1044 1640 inanis
1060 1590 1170 1657 pieriae,

57 1662 104 1711 sed
117 1670 231 1726 propter
243 1661 380 1712 caritatem
391 1661 531 1727 felicitatis
551 1670 681 1722 aeternae,
700 1662 789 1726 cipro
809 1663 864 1713 suis
879 1664 996 1726 peccatis
1014 1664 1171 1730 sacrificium

56 1734 220 1798 humilitatis,
240 1733 417 1786 miserationis
436 1743 460 1786 et
479 1733 607 1786 orationis
625 1734 683 1785 Deo
707 1751 754 1786 suo
778 1752 839 1786 uero
859 1736 993 1791 immolare
1017 1754 1071 1788 nou
1089 1739 1169 1805 nepti·

54 1814 135 1873 punt:
169 1809 234 1858 tales
262 1808 420 1859 christianos
448 1808 619 1873 imperotores
644 1807 755 1857 dicimus
784 1824 838 1859 esse
856 1807 950 1874 felices
981 1810 1085 1861 interim
1117 1828 1170 1876 spe,

51 1888 147 1946 postea
164 1898 192 1931 re
211 1879 271 1945 ipsa
283 1881 404 1947 futuros,
425 1897 482 1931 cum
500 1881 530 1930 id
549 1879 620 1945 quod
636 1888 814 1944 euspectamus
833 1879 978 1932 advenerit.
1116 1886 1119 1893 '
1182 1881 1314 1933 1·1⁰h·2·⁸·

142 1949 190 2012 13.
234 1948 326 2011 Haec
359 1956 390 2010 et
418 1945 481 2010 alia
507 1945 689 2010 huiusmodi
718 1947 830 2011 scribit
859 1957 890 2011 et
919 1947 1013 2012 docet
1042 1957 1252 2014 sanctusnflv)

54 2031 256 2116 Augustinus
278 2032 460 2117 episcopua,
481 2041 517 2095 ut
538 2051 781 2114 cognoscamus
803 2031 963 2117 quomodo
983 2053 1171 2118 perpacem

54 2122 213 2179 terrenam
236 2113 277 2178 ad
306 2113 475 2180 caelestem
497 2115 664 2201 pervenire
685 2113 870 2196 debeamus,
892 2117 1053 2201 quomodo
1076 2118 1171 2182 etiam

55 2197 230 2284 dispositor
255 2200 296 2263 sit
325 2199 568 2284 moderatorque
597 2220 768 2284 regnorum
796 2199 896 2281 Deus,
926 2208 958 2263 et
985 2199 1172 2266 underera

54 2282 190 2348 felicitas
212 2285 377 2367 contingat
391 2283 570 2347 christianis
591 2304 626 2346 re
650 2283 733 2365 ibus,
756 2305 836 2368 quoe
850 2305 914 2347 non
928 2294 1014 2350 reete
1029 2295 1169 2369 agentes,

54 2367 146 2430 iuxta
168 2367 255 2452 quod
282 2388 380 2452 supra
401 2368 527 2449 dicitur,
549 2368 594 2432 ita
651 2389 708 2431 eus
728 2368 762 2430 in
784 2366 866 2433 libro
890 2369 1073 2453 Sapientiae
1095 2368 1170 2434 allo-

56 2453 180 2536 quitur:
214 2451 344 2532 Audite,
372 2475 471 2537 repes,
501 2461 529 2516 et
556 2451 734 2537 intellipite,
764 2452 887 2533 discite,
909 2455 1033 2518 iudices
1047 2455 1170 2537 finium
1180 2457 1235 2508 ⁵⁸1'·
1244 2460 1264 2509 θ’
1274 2462 1315 2500 ²·

56 2546 172 2617 terrae,
195 2536 347 2620 praebete
374 2558 472 2600 aures
505 2559 571 2617 uos,
605 2537 663 2621 qui
694 2539 864 2601 continetis
891 2536 1114 2603 multitudines
1142 2548 1170 2602 et
1196 2519 1230 2562 ¹⁰·
1239 2522 1262 2559 ⁰²
1273 2522 1306 2562 1²·

80 2619 192 2684 lucetis
225 2620 314 2684 uobis
346 2622 383 2684 in
416 2621 520 2685 turbis
552 2621 734 2699 nationum,
788 2623 923 2686 uoniam
960 2622 1041 2686 data
1073 2632 1119 2688 est
1151 2648 1172 2687 a

51 2643 198 2767 {citrino
216 2713 363 2788 potestas
391 2706 480 2770 uobis
509 2714 537 2767 et
565 2706 670 2768 uirtus
693 2704 732 2767 ab
786 2704 932 2786 ltissimo,
956 2708 1014 2790 qui
1033 2709 1170 2771 interro-

55 2789 148 2874 pabit
165 2810 264 2871 opera
279 2798 386 2852 uestra
409 2798 437 2852 et
457 2791 669 2873 copitutiones
684 2789 895 2870 scrutabitur,
919 2793 1084 2874 quonium,
1100 2816 1172 2856 cum

56 2873 166 2936 essetis
183 2873 328 2936 ministri
343 2874 439 2971 repni
456 2872 558 2953 illius,
574 2894 640 2934 non
656 2881 737 2935 recte
752 2873 935 2954 iudicastis,
953 2897 993 2936 ne
1015 2897 1053 2938 ue
1069 2884 1171 2939 custo-

57 2957 153 3020 distis
167 2956 195 3020 le
219 2980 266 3021 em
280 2958 435 3036 iustitiae,
458 2978 559 3040 neque
574 2956 751 3019 secundum
773 2955 967 3020 uoluntatem
1017 2961 1048 3021 ei
1063 2959 1170 3022 ambu-

55 3041 160 3122 lastis,
190 2980 349 3105 iorrende
378 3049 406 3104 et
430 3041 489 3104 cite
516 3038 689 3123 apparebit
714 3038 812 3118 uobis,
836 3041 991 3123 quonium
1012 3041 1172 3106 iudicium

57 3125 270 3189 durissimum
285 3125 321 3187 in
338 3124 390 3187 leis
406 3124 463 3208 qui
474 3132 636 3207 praesuret
645 3120 723 3203 flet,·
747 3123 867 3207 emique
883 3123 968 3185 enim
983 3127 1173 3188 conceditur

57 3209 298 3288 misericordia,
310 3217 455 3292 potentes
467 3216 573 3271 autem
583 3215 730 3290 potenter
740 3214 897 3270 tormenta
903 3207 1093 3290 patientur‚·
1106 3231 1172 3272 non

57 3295 143 3357 enim
155 3292 318 3356 subtrahet
327 3314 507 3377 personam
519 3293 713 3376 cuiusquam
724 3290 898 3370 Dominus,
910 3312 967 3353 nec
979 3291 1173 3355 reverebitur

55 3377 319 3476 mapnltudinem
330 3377 524 3461 cuiusquam
535 3375 638 3455 Deus,
650 3373 967 3459 quoniampusillum
979 3383 1007 3438 et
1018 3398 1172 3460 mapnum

47 3461 134 3546 fecit
148 3463 229 3545 ipse,
253 3470 281 3523 et
304 3460 485 3544 aeqccaliter
499 3481 581 3523 cura
602 3468 647 3523 est
667 3455 719 3522 illi
739 3459 778 3522 de
801 3459 957 3538 omnibus,
970 3457 1172 3542 fortioribus

58 3544 291 3630 autemfortior
304 3545 407 3607 instat
422 3544 592 3607 cruciatio.
615 3543 670 3607 Ad
684 3565 740 3607 nos
751 3566 837 3628 erpo,
853 3565 953 3629 repes,
969 3552 1045 3607 sunt
1059 3543 1094 3606 bi
1108 3567 1172 3607 ser-

57 3652 166 3692 mones
186 3630 259 3708 mei,
279 3637 316 3692 ut
336 3628 472 3692 discatis
489 3628 697 3712 sapientiam,
718 3636 746 3691 ct
760 3649 827 3691 non
848 3627 1017 3691 eacidatis.
1049 3627 1171 3692 Concu-

52 3715 173 3797 piscite
188 3734 264 3797 erpo
280 3735 440 3776 sermones
455 3733 550 3790 meos,
566 3709 694 3795 dilipite
707 3711 781 3775 illos
803 3721 832 3774 et
851 3712 1006 3775 babebitis
1022 3712 1170 3798 discipli-

56 3822 145 3861 nam.
167 3797 255 3861 Inter
265 3795 353 3878 haec,
366 3816 447 3882 quae
481 3819 516 3860 er
527 3793 732 3859 Salomonem
744 3793 1087 3878 dicunturaDomino,
1098 3818 1172 3860 eon-

56 3881 265 3945 siderandum
280 3887 337 3961 est,
352 3879 438 3966 quod
453 3817 505 3944 bie
522 3901 648 3966 quoque
664 3878 782 3943 dicitur
795 3877 925 3964 regibus
943 3890 1083 3963 potestas
1098 3880 1172 3946 data
1181 3904 1247 3943 nom.
1258 3903 1322 3955 1s‚1.

56 3988 128 4030 esse
158 3964 350 4046 aDominO,
376 3965 459 4029 sicut
481 3974 512 4029 et
532 3963 736 4048 praedicatur
760 3963 801 4027 ab
824 3964 978 4048 apostolo,
1006 3966 1170 4049 quoniam:

64 4049 195 4130 Omnis,
223 4049 342 4134 inquit,
364 4058 509 4134 potestas
539 4072 561 4112 a
585 4048 665 4129 Deo,
690 4046 826 4132 ideoque
852 4064 923 4128 quod
945 4062 1171 4128 irreprehensibile

58 4155 105 4210 est,
132 4147 261 4198 corbolien
284 4147 404 4213 edendis
429 4146 546 4210 ecelesia,
576 4133 658 4195 sicut
682 4131 792 4195 scribit
821 4129 1026 4194 Marcellinus
1055 4143 1170 4217 papa1.

57 4274 81 4326 a)
98 4276 130 4314 ita
146 4275 216 4324 Au9.,·
237 4277 377 4325 imperarent
395 4277 414 4315 1.
482 4274 507 4327 b)
524 4276 664 4316 extollantur
679 4278 699 4317 1.
760 4275 781 4328 c)
797 4275 943 4314 meminerint
960 4276 979 4316 1.
1041 4273 1064 4326 d)
1079 4274 1135 4323 qnid
1152 4275 1171 4311 1.

57 4333 80 4385 e)
97 4336 129 4373 ita
144 4334 218 4384 Au9.,·
233 4336 329 4374 minime
345 4338 365 4373 1.

61 4447 90 4515 1)
110 4449 257 4500 Hinsehius
276 4467 302 4516 p.
322 4449 384 4500 222.
