2812 4830
244 386 295 436 DE
315 386 473 437 UNITATE
492 385 698 438 nconnsmn
719 387 997 442 CONSERVANDA.
1140 389 1191 440 113

72 553 231 637 Salvator,
262 554 319 702 gui
347 553 409 618 hoc
439 555 473 617 in
499 551 670 637 euangelio
700 564 769 619 orat
795 565 826 620 et
847 555 908 620 hoc
930 556 1000 622 fieri
1022 557 1192 641 desiderat,

71 648 117 721 ut,
141 659 261 725 quomo
286 660 305 702 o
327 660 428 702 unum
456 646 531 703 sunt
552 638 647 702 Pater
675 648 707 703 et
728 637 840 722 Filius,
863 642 910 704 sic
932 651 963 707 et
984 663 1044 706 nos
1064 644 1097 706 in
1120 644 1192 728 ipsa
1202 658 1252 700 1011·
1262 659 1298 712 1⁷,
1307 661 1344 700 ²1·

71 723 195 788 unitate
217 744 414 787 maneamus.
456 722 523 803 Ille,
545 722 688 820 inquam,
710 733 820 788 nostra
840 725 1015 826 respiciens
1036 736 1330 813 temporationes.

69 805 215 894 loquitur
242 809 326 872 inter
340 816 461 871 cetera:
483 806 600 888 Filios,
622 808 780 893 mquiens,
803 808 942 874 hominos
964 834 1036 875 enm
1057 820 1191 894 venerit,

65 902 174 990 potos
196 893 338 957 inveniet
352 893 454 975 fldem
475 895 512 956 in
534 890 647 956 serrat
690 891 791 956 Verbi
818 894 939 978 gratia:
969 915 1045 959 ecce
1073 895 1194 961 iuravit

70 977 260 1062 rmperatori
270 975 432 1060 Egbertus
448 974 600 1056 marchio,
614 984 650 1039 ut
664 973 767 1040 fidelis
782 977 812 1040 ei
827 987 920 1059 esset,
936 978 1029 1042 iuxta
1040 978 1127 1065 quod
1138 978 1193 1043 ad-

70 1070 183 1125 monet
210 1059 375 1146 apostolus
404 1082 515 1124 servos
539 1057 659 1125 Christi
682 1060 812 1125 obedire
843 1060 981 1126 dominis
1009 1061 1192 1128 carnalibus

70 1145 157 1209 siout
178 1142 318 1210 Christo.
363 1143 459 1225 Quod
480 1142 604 1208 seilicet
626 1143 841 1211 iuramentum
863 1146 890 1208 si
913 1147 955 1211 sit
975 1145 1192 1229 observatum,

70 1227 235 1316 quomodo
257 1230 349 1292 iuxta
370 1229 559 1294 sententiam
581 1225 665 1292 illius
688 1230 853 1315 scriptoris
874 1230 909 1315 in
927 1230 1071 1316 peiorem
1085 1231 1191 1316 vergit

70 1312 221 1379 exitum?
253 1313 403 1378 Fortasse
425 1310 644 1377 nobilissimus
666 1310 718 1378 ille
740 1312 926 1378 adolescens
948 1314 1054 1378 adhuc
1070 1315 1192 1381 viveret

70 1406 104 1463 et
127 1398 252 1461 occisus
274 1420 339 1461 non
362 1407 454 1479 esset,
484 1397 511 1459 si
533 1398 626 1460 iuxta
653 1396 686 1460 id
711 1397 798 1484 quod
819 1399 981 1464 iuraverat
1004 1399 1191 1485 imperatori

69 1479 175 1546 fidelis
203 1490 287 1546 esset
315 1491 348 1546 et
372 1480 528 1567 pacificus
555 1482 726 1565 extitisset;
757 1493 789 1546 et
816 1483 842 1545 si
871 1483 975 1547 eidem
1004 1484 1191 1569 imperatori

68 1565 251 1630 iuramenta
277 1587 336 1630 sua
363 1575 543 1631 servassent
571 1566 735 1651 principes
764 1568 864 1651 regni,
887 1576 973 1632 certe
995 1589 1059 1631 non
1080 1567 1193 1633 fuisset

69 1648 157 1714 facta
178 1649 294 1714 divisio
322 1651 422 1736 regni,
446 1660 478 1715 et
501 1672 568 1714 non
589 1659 695 1714 essent
715 1651 866 1716 intestina
887 1650 967 1716 haec
988 1649 1082 1734 bella,
1104 1652 1190 1718 unde

68 1733 246 1798 admodum
269 1733 431 1799 destructa
452 1743 499 1799 est
522 1733 655 1798 ecclesia
678 1735 801 1820 pariter
823 1744 855 1799 et
874 1758 926 1801 res
947 1735 1088 1821 publica.
1126 1735 1191 1802 Sed

67 1827 203 1917 propter
217 1819 504 1964 transgressionem
522 1820 773 1883 iuramentorum
787 1818 873 1882 facta
888 1828 962 1884 sunt
978 1818 1057 1884 haec
1073 1821 1190 1901 omnia,

68 1912 102 1968 et
133 1901 188 1968 1lle
219 1904 362 1966 marcio
390 1904 515 1968 occisus
543 1913 592 1968 est
620 1901 816 1967 infidelitatis
845 1924 921 1967 suae
943 1926 1051 1985 causa,
1073 1905 1191 1968 etiam

68 2009 135 2051 non
156 1987 275 2073 poterit
295 1987 324 2051 ei
346 1988 500 2073 prodesse
521 1986 572 2051 vel
595 2008 671 2050 suus
695 1987 871 2071 Gregorius
892 1985 944 2052 vel
965 1986 1082 2075 aliquis
1104 1987 1190 2053 illius

67 2072 172 2158 partis
195 2072 377 2221 episcopus,
400 2071 562 2156 quoniam,
584 2072 675 2134 iuxta
698 2072 783 2157 quod
805 2071 839 2134 in
860 2070 943 2136 libro
965 2071 1005 2136 de
1028 2072 1207 2136 dominica*

67 2157 216 2220 oratione
247 2157 309 2219 scri
333 2157 358 2220 it
387 2165 517 2220 sanctus
540 2154 722 2240 Cyprianus
748 2156 956 2241 episeopusl:
981 2169 1147 2222 Discordoos
1166 2179 1190 2222 es

69 2246 204 2299 dissidens
224 2252 248 2298 ct
255 2263 352 2312 paoem
370 2245 572 2311 cumfratribus
591 2263 645 2296 non
664 2246 772 2310 notens,
791 2262 839 2298 nec
857 2245 881 2296 si
896 2263 950 2312 pro
964 2244 1074 2296 Domini
1085 2243 1189 2296 nomine

67 2320 171 2372 occiano
183 2320 280 2384 faerit,
300 2320 398 2370 crimen
417 2319 588 2371 dissensionis
606 2319 752 2385 fraternae
766 2317 864 2385 poterit
890 2320 1010 2382 evadere,
1029 2317 1103 2383 quio,
1122 2317 1190 2368 sient

68 2395 196 2459 comptum
215 2399 261 2456 est,
281 2392 327 2458 qni
337 2395 456 2459 fratrem
474 2409 551 2443 sunm
570 2392 625 2443 odit
644 2391 776 2444 homicida
800 2401 846 2457 est,
869 2409 917 2444 neo
942 2392 979 2444 od
996 2407 1106 2458 repnnm
1132 2399 1350 2453 one-1.Ioh.s,1o.

68 2477 156 2528 lorum
170 2475 293 2541 peruenit
319 2483 367 2526 ont
389 2492 448 2526 enm
466 2474 524 2525 Deo
543 2475 608 2526 nisit
626 2473 766 2527 homicida.
805 2475 867 2526 Non
882 2483 1051 2541 potestesse,
1075 2458 1190 2544 inquit,

68 2567 129 2602 cnm
150 2547 260 2613 Christo,
279 2549 326 2614 qni
343 2547 460 2598 imitator
479 2547 567 2600 Indae
584 2549 680 2600 moluit
698 2565 752 2601 csse
771 2565 852 2614 qnam
869 2548 975 2600 Christi.

155 2616 207 2681 35.
240 2617 344 2702 Igitur
364 2625 535 2701 postquam
554 2615 583 2679 Ε
606 2617 716 2681 bertus
737 2615 880 2680 marchio
903 2615 1031 2701 decepit
1051 2615 1190 2702 impera-

68 2711 182 2783 torem,
212 2701 296 2766 sicut
324 2700 474 2781 diximus,
504 2639 622 2764 deinde
652 2708 684 2765 et
711 2701 780 2785 ipse
808 2701 928 2785 pariter
956 2700 1109 2785 deceptus
1131 2707 1189 2781 est,

69 2785 224 2873 quoniam
246 2784 392 2870 episcopi
413 2805 488 2848 eum
510 2783 688 2848 fefellerunt
697 2796 718 2863 ²,
740 2806 805 2848 non
826 2784 857 2848 ei
878 2784 1032 2848 donantes
1054 2806 1190 2869 regnum

68 2869 158 2958 quod
191 2871 423 2955 promiserunt3
456 2876 652 2966 quapropter
686 2870 815 2932 secessit
846 2889 867 2930 a
893 2877 984 2966 parte
1014 2889 1124 2933 eorum
1158 2878 1190 2932 et

69 2956 225 3019 societate
254 2961 286 3018 et
313 2953 439 3033 iterum,
469 2953 552 3016 datis
583 2951 749 3017 obsidibus
775 2960 870 3037 atque
897 2952 1093 3032 ruramentis,
1116 2974 1190 3016 con-

68 3039 212 3103 firmavit
248 3047 376 3123 pactum
408 3037 499 3120 pacis
531 3046 562 3101 et
593 3035 669 3099 fidei
698 3057 771 3098 cum
807 3036 1009 3120 imperatore.
1062 3037 1190 3110 Interea

70 3123 209 3209 contigit
233 3121 294 3186 hoc
322 3120 409 3206 quod
431 3143 529 3206 supra
550 3120 701 3201 diximus,
724 3120 800 3205 quia
821 3128 898 3182 tuno
921 3119 1045 3182 occisus
1067 3128 1115 3183 est
1135 3117 1189 3182 ille

68 3207 255 3272 Burcardus
272 3204 540 3270 Halberstatensis
561 3206 670 3290 episco
695 3226 733 3267 us
755 3227 775 3268 a
796 3204 861 3267 suis
882 3201 1103 3287 popularibus,
1124 3223 1190 3265 non

60 3291 104 3356 'id
119 3300 236 3378 agente
251 3289 445 3372 marchione,
468 3288 525 3354 sed
539 3299 647 3353 tamen
668 3227 729 3353 doe
751 3289 867 3352 factum
889 3289 959 3372 ipso
979 3285 1188 3372 approbante.

69 3377 157 3441 Tum
172 3376 269 3440 etiam
287 3373 339 3438 ille
359 3374 535 3459 Hartvigus
549 3373 858 3459 Magadaburgensis
904 3370 1187 3456 seudoepiscopus,

69 3483 147 3525 cum
179 3481 244 3523 non
276 3467 386 3545 posset
418 3457 502 3522 solus
533 3480 607 3522 cum
637 3458 748 3543 paucis
782 3395 992 3544 compdicibus
1025 3456 1091 3518 suis
1122 3455 1188 3518 vim

68 3545 230 3610 sustinere
258 3542 309 3608 vel
338 3542 531 3606 marchionis
557 3541 608 3606 vel
636 3543 847 3628 imperatoris,
874 3540 962 3605 venit
989 3539 1023 3602 in
1051 3540 1188 3622 gratiam

68 3628 285 3714 imperatoris,
305 3628 397 3691 iuxta
418 3627 506 3712 quod
527 3648 624 3711 supra
638 3626 759 3691 dictum
781 3635 829 3690 est
849 3648 868 3690 a
889 3623 1013 3689 nobis³.
1046 3623 1090 3686 Et
1104 3632 1189 3687 certe

69 3715 218 3800 utrisque
246 3711 339 3776 alteri
367 3721 478 3775 contra
505 3709 639 3775 alterum
669 3711 734 3774 iam
762 3710 932 3791 iuraverat,
961 3708 1015 3795 qui
1049 3716 1080 3771 et
1106 3707 1189 3771 inter

69 3801 300 3884 imperatorem
328 3795 422 3860 simul
452 3806 484 3860 et
511 3793 729 3860 marchionem
755 3794 801 3858 ita
831 3795 956 3858 medius
988 3791 1187 3872 versabatur,

69 3891 116 3964 ut,
150 3883 179 3946 si
210 3882 280 3945 fieri
306 3889 425 3965 posset,
453 3878 589 3945 alterum
616 3880 749 3967 perdere
778 3900 837 3965 per
863 3877 998 3943 alterum
1024 3875 1187 3940 voluisset.

72 4129 102 4194 1)
123 4129 253 4195 Cypriani
272 4129 362 4194 Opera
381 4145 408 4194 p.
422 4127 485 4178 285.
551 4127 578 4188 2)
599 4129 709 4193 Opinor,
729 4129 869 4194 episcopos
887 4124 949 4175 ideo
969 4122 1048 4172 fidem
1068 4121 1187 4186 Egberto

71 4203 165 4253 datam
178 4218 233 4253 non
245 4203 419 4269 praestitisse,
438 4201 509 4268 quod
523 4203 662 4267 imperium
676 4200 807 4251 infirmum
821 4197 988 4259 Herimanni,
1007 4196 1082 4246 cuius
1095 4193 1188 4244 volun·

71 4281 156 4327 tatem
181 4291 276 4342 regere
301 4280 424 4342 poterant
451 4290 618 4341 quocumque
637 4275 774 4335 volebant,
793 4273 908 4324 tolerare
928 4286 1007 4338 quam
1026 4285 1056 4321 se
1075 4268 1189 4334 imperio

71 4351 204 4401 severiori
222 4350 337 4415 Egberti
362 4349 495 4400 subiicere
515 4348 672 4399 maluerunt,
746 4348 774 4410 3)
801 4347 831 4398 Ο.
852 4346 896 4397 25.
