2812 4830
201 349 253 399 136
382 351 432 400 DE
456 349 615 401 UNITATE
634 348 837 400 sccunsmn
857 348 1135 401 consumunt.

199 520 321 583 vitam!
350 528 379 582 et
431 522 509 584 anci
536 528 622 598 snnt,
651 519 709 603 qui
735 519 910 581 inueniunt
936 538 1018 580 eam.
1062 516 1117 580 Ad
1139 517 1310 582 hanovere

202 603 278 689 quia
299 600 396 665 diffie·
413 604 438 666 's
461 612 511 667 est
531 623 693 683 ascensus,
716 600 788 665 ideo
811 603 907 666 etiam
930 609 1061 664 sanctus
1076 601 1309 687 Hieronymus¹

201 689 285 750 inter
313 685 377 749 alia
402 687 611 752 institutionis
637 689 759 751 monita
779 687 931 772 proponit
951 685 1110 749 monacho
1131 687 1312 772 mysterium

203 771 254 833 sui
275 768 416 833 habitus:
445 785 499 851 Vir,
517 771 675 856 inquiens,
698 783 774 848 scire,
799 785 889 850 quates
907 783 1039 835 Drmiam
1058 795 1174 851 quaeras
1193 783 1313 836 armat

203 869 309 920 Habeto
318 868 501 934 prudentiam,
520 868 657 933 iustitiam,
678 865 886 932 temperantiam,
897 865 1096 932 fortitudinem.
1125 868 1189 930 His,
1211 853 1313 937 inquit,

204 940 272 994 caeti
279 943 371 1010 plapis
383 942 526 1006 includere,
542 943 607 993 baec
619 949 643 994 te
655 939 791 1008 quadripa
805 937 834 989 in
848 940 930 990 adnm
945 941 1017 992 velut
1032 937 1160 1009 antipam
1174 940 1269 994 Obristi
1282 941 1312 992 ad

203 1028 299 1073 nesam
311 1022 530 1090 amanamfaar.
554 1010 643 1094 Ergo
659 1010 760 1073 sancti
771 1018 890 1091 patres,
905 1009 961 1093 qui
973 1030 1047 1071 vere
1059 1019 1152 1073 erant
1162 1008 1313 1085 monaehi,

203 1111 268 1153 non
289 1090 406 1171 verbis,
429 1093 485 1156 sed
507 1091 611 1175 factis,
632 1095 677 1158 ita
693 1092 926 1156 constituerunt
947 1099 980 1156 et
996 1100 1170 1158 tenuerunt
1191 1093 1312 1158 modun

204 1184 300 1260 atque
322 1174 467 1259 regulam
488 1179 683 1243 monasticae
705 1177 813 1256 vestis,
841 1187 877 1240 ut
898 1185 983 1240 osset
1004 1175 1046 1240 ad
1067 1177 1312 1243 aedificationem

205 1280 243 1322 ea
272 1257 436 1324 utentibus
465 1272 497 1325 et
524 1261 566 1326 ad
595 1263 833 1326 venerationem
864 1259 941 1324 foris
976 1282 1047 1323 eam
1080 1262 1312 1347 aspicientibus.

205 1342 309 1424 Unde,
333 1344 415 1407 sicut
443 1349 593 1430 egregius
614 1348 665 1409 vir
687 1344 883 1411 Cassianus²
906 1344 1019 1410 scribit
1046 1346 1079 1408 in
1101 1357 1220 1432 quarto
1241 1346 1312 1411 libro

206 1427 246 1491 de
276 1427 429 1492 institutis
456 1430 695 1512 monachorum,
724 1429 855 1516 quidam
884 1428 924 1493 de
953 1430 1071 1494 sanctis
1098 1430 1249 1516 patribus
1276 1433 1313 1495 ita

206 1511 346 1574 instituit
373 1512 457 1576 inter
484 1523 591 1578 cetera
625 1515 784 1599 quendam
815 1514 996 1579 venientem
1029 1513 1071 1577 ad
1103 1516 1312 1581 conversionis

208 1593 365 1659 studium:
389 1612 512 1676 Nauaris,
536 1599 651 1684 inquit,
673 1613 706 1664 ab
726 1612 853 1664 hodierno
872 1613 914 1664 die
933 1612 1106 1665 boiamundo
1127 1623 1152 1666 et
1171 1615 1272 1667 actibus
1289 1631 1315 1664 ac

207 1684 347 1755 desideriis
373 1685 429 1738 eius
455 1703 509 1737 esse
534 1690 688 1755 defunctam
713 1695 787 1752 teque
811 1687 955 1737 sermidam
979 1688 1126 1751 apostolum
1145 1690 1246 1740 mando
1263 1687 1313 1738 baia

208 1775 263 1811 esse
275 1758 429 1825 arnapianm
447 1759 544 1826 tibique
562 1763 632 1814 bunc
644 1760 789 1822 mnndum·
807 1760 954 1826 canspdera
971 1777 1031 1828 erpo
1048 1762 1213 1814 conditiones
1232 1760 1314 1820 mnan,

208 1832 257 1884 snb
277 1832 377 1883 liniasa
396 1839 419 1884 tc
439 1833 562 1902 deinceps
580 1840 742 1886 sacramento
756 1839 856 1899 oportet
874 1834 903 1883 in
916 1832 966 1885 baa
985 1834 1042 1885 lnce
1060 1836 1174 1898 uersari,
1194 1835 1314 1900 pniaiam

209 1922 238 1967 tn
257 1932 314 1997 pon
339 1916 418 1980 aives,
445 1917 493 1969 sed
511 1918 580 1970 nicet
598 1918 628 1968 in
647 1926 671 1968 te
695 1914 743 1981 qni
766 1914 907 1981 cruciytorus
926 1924 964 1968 est
977 1934 1030 1982 pro
1050 1925 1082 1968 te.
1122 1918 1164 1969 Ea
1184 1935 1253 1987 erpo,
1275 1903 1312 1964 in-

210 1993 290 2069 qult,
314 1998 407 2049 babitu
432 2016 464 2050 aa
481 2001 582 2068 flpnra,
607 1987 734 2064 qna'pra
758 1997 833 2047 nobis
851 1996 880 2048 in
897 1998 1017 2064 patibulo
1029 1999 1090 2065 fnit
1107 2001 1153 2052 ilie
1172 2016 1313 2067 snspensas,

209 2090 258 2125 nos
282 2089 385 2139 quoqne
408 2089 512 2125 necesse
537 2072 622 2125 estin
642 2072 692 2123 bac
710 2071 766 2121 rita
784 2070 885 2138 depere,
905 2077 935 2122 nt
952 2070 1049 2124 scilicet
1068 2075 1216 2125 secundnm
1233 2071 1313 2123 Dauid

211 2142 377 2214 afflipentesh
404 2147 438 2198 de
463 2147 553 2200 timore
572 2144 683 2198 Domini
701 2161 795 2196 carnes
813 2152 926 2206 nostras,
952 2147 1092 2197 uniuersas
1116 2149 1267 2200 voluntates
1290 2162 1313 2195 ac

210 2218 353 2287 desyderia
370 2237 424 2270 non
448 2230 554 2273 nostrae
578 2217 803 2285 concupiscentiae
822 2219 970 2282 servientia,
990 2220 1037 2270 sed
1055 2219 1252 2287 mortificationi
1267 2219 1314 2271 sins

211 2303 355 2354 babeamus
383 2303 477 2368 affixa.
533 2288 628 2353 Unde
661 2299 693 2351 et
724 2285 953 2349 monachorum
986 2299 1078 2371 pater
1110 2288 1313 2353 Benedictus³

211 2369 341 2447 doeens,
369 2372 530 2455 quomodo
559 2381 703 2456 oporteat
735 2371 953 2434 renuntiantes
980 2370 1107 2436 saeculo
1142 2370 1314 2437 conversari

211 2455 246 2516 in
275 2452 362 2516 scola
383 2453 483 2518 divini
514 2456 656 2518 servitii:
682 2468 864 2534 Pantom'bns,
889 2455 1003 2541 iuquit,
1033 2471 1133 2522 Carisa
1154 2489 1206 2539 per
1220 2471 1314 2538 parien-

211 2553 276 2604 tiam
299 2552 504 2617 participemur,
531 2562 561 2604 nt
584 2552 660 2620 repni
690 2551 746 2603 eins
775 2561 905 2604 consortes
930 2571 985 2605 esse
1015 2571 1174 2607 mercamur.
1223 2541 1316 2624 Igitur

212 2617 344 2698 cuculla,
375 2641 456 2704 quae
481 2621 586 2684 minor
609 2619 688 2684 cella
708 2621 944 2705 interpretatur,
967 2659 1004 2668 -
1028 2633 1125 2708 atque
1148 2623 1222 2689 ideo
1246 2625 1317 2688 sicut

211 2702 387 2766 monachus
417 2713 467 2766 est
487 2702 679 2768 vocabulum
710 2704 870 2790 quoddam
898 2706 1051 2791 mysterii,
1080 2707 1127 2770 sic
1150 2717 1183 2772 et
1204 2705 1317 2772 cuculla

212 2796 261 2852 est
288 2786 445 2872 quaedam
467 2788 568 2853 virtus
598 2789 799 2870 sacramenti,
822 2811 919 2876 super
941 2789 1069 2875 qualem
1091 2791 1217 2857 scilicet
1240 2816 1254 2857 s
1276 2791 1317 2854 iri·

212 2869 329 2935 tualem
356 2871 501 2937 habitum
530 2872 647 2960 legitur
676 2873 805 2958 quidam
835 2872 875 2936 de
896 2876 1016 2939 sanctis
1039 2876 1186 2960 patribus
1207 2815 1317 2942 vidisse

214 2955 349 3020 eandem
364 2958 516 3022 virtutem
533 2968 626 3039 stare,
644 2980 741 3044 quam
756 2957 838 3021 vidit
859 2981 955 3042 super
968 2959 1168 3045 baptismum
1192 2971 1318 3026 stare-

213 3038 339 3104 cuculla
364 3053 482 3124 autem,
510 3042 543 3107 id
572 3053 620 3107 cst
645 3043 751 3105 minor
779 3040 867 3123 cella,
898 3041 1014 3107 dicitur
1041 3048 1139 3109 vestis
1170 3045 1319 3110 cucullata

212 3135 344 3274 propter
365 3126 535 3208 cucullum,
558 3128 614 3214 qui
636 3136 684 3190 est
709 3126 822 3209 capitis
845 3131 1095 3212 operimentum,
1126 3128 1255 3217 dequo
1281 3129 1319 3194 sic

214 3211 276 3275 scri
301 3211 325 3275 it
347 3210 500 3296 quidam4
523 3211 562 3276 de
584 3211 724 3296 antiquis
746 3223 929 3294 poetarum:

362 3297 432 3360 Tem
462 3319 522 3360 ora
544 3295 724 3360 Santonico
746 3295 833 3358 nebus
856 3296 1016 3380 adoperta
1038 3295 1175 3362 occulto.

212 3380 317 3466 igitur
346 3320 472 3444 suenda
500 3388 549 3443 est
576 3381 686 3444 tunica
713 3375 823 3443 talaris
855 3389 886 3445 et
915 3380 1071 3444 cucullata
1101 3390 1199 3467 atque
1232 3381 1323 3445 mani·

213 3474 285 3530 cata
305 3463 427 3529 habens
449 3465 590 3549 speciem
612 3464 717 3528 crucis
734 3486 797 3611 (per
811 3473 961 3550 quattuor
967 3477 1088 3612 dpartes
1110 3475 1275 3549 extensae,
1294 3475 1326 3530 ut

213 3571 297 3629 eum,
343 3549 376 3612 ui
392 3547 566 3612 crucifixus
585 3558 634 3612 cst
655 3570 732 3611 mun
757 3569 786 3629 0,
809 3549 966 3634 haecque
989 3552 1059 3634 riga
1080 3572 1122 3614 ex
1137 3553 1228 3615 omni
1243 3558 1326 3638 parte

214 3571 384 3696 concludat
412 3641 508 3718 atque
541 3631 695 3716 perducat
728 3630 769 3695 ad
803 3631 962 3715 caelestia,
995 3631 1118 3697 scilicet
1148 3636 1327 3721 prudentia,

213 3717 345 3797 iustitia,
366 3715 518 3779 fortitudo
540 3724 636 3802 atque
657 3720 877 3816 temperantia,
904 3719 949 3782 ita
970 3728 1007 3782 ut
1026 3718 1199 3803 prudentia
1221 3723 1327 3786 desur-

215 3822 286 3864 sum
315 3798 464 3885 copuiata
489 3800 531 3862 sit
558 3821 633 3864 cum
661 3801 793 3884 iustrtia,
823 3824 959 3889 quarum
987 3811 1100 3867 neutra
1126 3814 1236 3889 potest
1264 3828 1331 3871 esse

216 3961 239 4014 s)
256 3963 322 4002 cutus
339 3963 400 4003 Cass.
458 3960 482 4013 b)
499 3963 621 4012 affigentes
638 3965 697 4004 Cass.

218 4093 247 4160 1)
271 4095 429 4161 Hieronymi
454 4099 530 4163 epist.
551 4097 595 4146 52.
622 4096 658 4148 ad
676 4097 855 4164 Nepotianum
881 4099 914 4149 de
933 4101 990 4150 vita
1011 4099 1175 4151 clericorum
1196 4107 1223 4152 et
1240 4103 1336 4153 Sacer-

217 4169 317 4232 dotnm,
341 4170 431 4235 Opera
454 4170 477 4238 I,
501 4173 525 4231 1,
554 4188 580 4236 p.
601 4170 664 4222 267.
749 4171 776 4235 2)
801 4170 922 4223 Cassian.
941 4173 989 4224 lib.
1009 4175 1056 4226 IV.
1081 4174 1114 4224 ds
1134 4177 1218 4226 instit.
1238 4192 1337 4227 renun-

216 4245 293 4293 tiant.
314 4259 337 4295 c.
358 4245 401 4305 34,
425 4244 495 4296 Max.
515 4243 595 4306 bibl„
616 4243 704 4309 Lugd.
726 4244 805 4308 1677,
829 4246 893 4306 VII,
917 4263 943 4313 p.
964 4247 1007 4298 33.
1092 4249 1121 4312 3)
1142 4249 1248 4301 Bened.
1268 4251 1338 4316 ng.

216 4317 287 4368 Prol.
362 4319 390 4382 4)
412 4317 532 4369 Iuvenal.
552 4317 630 4380 VIII,
651 4319 712 4368 145.
