2812 4830
242 385 293 434 DE
313 384 470 436 UNITATE
491 383 694 436 ECOLESIAE
716 384 991 438 CONSERVANDA.
1139 387 1172 436 sl

57 553 177 615 iurium
198 551 244 615 ite
265 551 408 615 insecuta
430 561 480 616 est
500 551 578 616 ultio
601 552 726 616 divina:
765 554 839 619 Viuo
868 576 935 639 epo,
963 555 1042 618 dicit
1063 550 1315 650 Domi-³²⁰3&

57 659 133 716 rins,
145 638 300 721 qnoniam
314 639 536 700 iuramentum
550 638 637 721 qnod
651 639 772 721 sprevit
787 647 816 700 et
827 647 962 722 paetum
977 639 1065 721 qnod
1075 661 1174 722 prae·
1260 637 1266 649 ’

58 722 229 785 vomentes
259 730 315 798 est,
341 742 467 804 pennen
495 721 532 784 in
562 730 663 806 capnt
691 723 770 802 eius,
793 731 822 784 et
842 723 999 786 morietur
1019 723 1057 785 in
1102 746 1175 786 rne-

57 805 272 883 varicatione,
294 827 361 889 qno
382 805 529 889 despexit
549 826 606 868 nie.
649 803 737 889 Ergo
759 804 980 870 iusiurandum
1001 805 1059 869 hos
1075 746 1178 871 debet

57 890 201 969 comites,
223 889 401 968 veritatem,
423 887 579 952 iudicium
595 898 626 953 et
640 889 805 971 iustitiam,
827 900 872 972 ut,
896 892 923 953 si
938 891 999 954 isto
1014 889 1177 972 desierint,

57 992 261 1058 nequaqnam
284 972 326 1034 sit
345 972 570 1053 iuramentum,
592 971 649 1036 sed
670 975 857 1058 periurium.
896 973 990 1039 Unde
1013 984 1045 1038 et
1065 974 1176 1038 Domi·

57 1079 119 1120 nus
141 1054 281 1141 loquitur
303 1056 336 1118 in
358 1054 523 1120 Hieremia
544 1056 717 1141 propheta:
740 1058 882 1138 Iurabis,
905 1058 1063 1143 inquiens,
1086 1060 1176 1124 ‘vivit
1184 1081 1230 1119 101.
1239 1080 1260 1130 4,
1270 1080 1291 1120 s.

57 1143 233 1221 Dominus,
254 1142 439 1205 inveritate
460 1143 543 1205 etin
560 1141 686 1206 indicio
708 1150 738 1204 et
750 1145 787 1206 io
804 1143 953 1209 institia'.
986 1141 1083 1222 Quod
1099 1142 1175 1206 dioi-

56 1235 127 1289 tur:
149 1225 228 1288 vivit
243 1224 416 1306 Dominus,
434 1224 468 1287 in
481 1223 686 1289 Testamento
699 1225 807 1289 Veteri
827 1225 1049 1291 iusiurandum
1064 1237 1113 1291 est
1134 1226 1176 1291 ad

58 1307 357 1372 condemnationem
385 1318 592 1389 mortuorum,
626 1331 685 1393 per
712 1330 792 1394 quos
821 1310 1007 1374 iuraverunt
1037 1308 1175 1374 cultores

57 1391 228 1457 idolorum
257 1392 296 1456 In
310 1391 403 1456 Novo
417 1402 525 1457 autem
541 1392 747 1458 Testamento
766 1392 916 1479 prohibet
930 1393 1089 1459 Dominus
1111 1415 1176 1458 non

57 1479 167 1540 iurare
197 1477 342 1540 omnino:
375 1476 426 1540 Ne
453 1478 623 1556 decidatis,
654 1477 767 1564 inquit,
796 1478 854 1542 snb
882 1479 1019 1559 indicio,
1052 1478 1079 1542 si
1111 1501 1305 1554 nonninus.

59 1570 188 1625 secutae
209 1560 327 1624 fuerint
347 1561 464 1626 veritas
486 1569 518 1625 et
538 1561 669 1642 iustitis,
693 1582 776 1646 qnae
797 1563 916 1646 pariter
937 1562 1029 1627 iuxta
1052 1572 1175 1627 senten·

57 1648 138 1710 tiam
159 1646 261 1730 ipsius
283 1644 415 1708 Domini
438 1646 570 1709 comites
592 1653 666 1709 sunt
685 1645 874 1711 iuramento.

146 1731 195 1792 14.
238 1729 301 1792 Pro
323 1749 440 1814 magno
463 1728 592 1814 quidem
615 1727 725 1793 salutis
746 1741 873 1794 nostrae
894 1732 1047 1815 mysterio
1069 1731 1175 1795 iurare
1187 1746 1246 1802 (xv)

58 1835 118 1877 nos
140 1813 300 1877 Dominus
324 1835 382 1896 per
410 1835 443 1877 se
472 1815 578 1898 ipsum
607 1815 727 1898 pariter
748 1821 780 1878 et
800 1835 898 1899 pera
923 1812 1059 1880 ostolum
1081 1837 1175 1877 suum

57 1897 215 1963 Iacobum
236 1896 411 1983 prohibuit,
433 1897 584 1983 quoniam
605 1896 733 1961 videtur
754 1897 876 1962 solvere
890 1837 1008 1980 fisum,
1032 1899 1177 1985 quisquis
1261 1900 1263 1903 ’

56 1985 273 2046 iuramentum
301 1978 440 2046 solverit.
484 1981 578 2046 Unde
608 1990 639 2045 et
666 1990 794 2045 sanutus
822 1981 982 2046 Iohannes
1013 1981 1177 2066 apostolus

58 2075 92 2130 et
114 2065 328 2150 euangelista:
356 2065 480 2147 Omnis,
502 2065 615 2151 inquit,
637 2066 787 2151 spiritns,
810 2070 868 2152 qni
889 2067 983 2130 solvit
998 2068 1113 2146 Iesnrn,
1136 2081 1321 2134 eornm-42⁸·

60 2151 132 2213 Deo
155 2172 219 2214 non
241 2160 294 2229 est,
318 2159 347 2212 et
367 2151 420 2214 irio
443 2159 488 2213 est
509 2150 742 2231 Antichristus,
772 2151 811 2214 de
834 2174 895 2237 qno
919 2151 1072 2230 audistis,
1096 2172 1173 2236 qno·

59 2236 155 2298 niam
180 2237 266 2298 venit
296 2243 324 2297 et
352 2257 439 2298 nnnc
467 2236 535 2298 iarn
563 2236 601 2296 in
629 2234 751 2298 mundo
778 2244 831 2301 est.
877 2233 942 2308 Qui
970 2237 1055 2298 enim
1081 2233 1313 2298 solonem-1⁷2

54 2327 203 2402 parturn,
218 2318 372 2403 nunquid
386 2316 537 2403 effnpert
563 2317 636 2382 Vino
653 2340 720 2403 epo,
737 2319 818 2383 dicit
831 2318 1004 2399 Dominus,
1020 2321 1175 2403 qnoniam
1214 2293 1291 2343 Μ’

61 2405 283 2467 iuramentum
312 2403 397 2487 qnod
426 2404 548 2486 sprevit
581 2411 609 2465 et
639 2412 774 2486 paetum
805 2405 892 2489 qnod
920 2405 1176 2488 praevaricatus

60 2495 107 2549 est
130 2508 257 2570 ponam
287 2487 324 2549 in
353 2496 454 2570 capnt
481 2488 561 2565 eins,
590 2495 619 2549 et
644 2488 800 2550 morietur
821 2489 859 2550 in
876 2489 1176 2570 praeuaricatione,

62 2593 130 2654 qna
153 2570 300 2655 despexit
320 2592 377 2635 me.
414 2569 512 2653 Ergo,
534 2570 617 2633 siout
638 2578 772 2634 testatur
785 2570 945 2634 Dominus
967 2593 1026 2655 per
1041 2571 1288 2655 prophe-nnus.

59 2663 136 2730 tam,
157 2652 376 2731 iusiurandum
394 2652 491 2718 hebet
511 2654 643 2718 comites
664 2656 840 2737 veritatem,
862 2655 1016 2718 iudicium
1039 2662 1071 2717 et
1088 2654 1177 2718 iusti-

58 2738 147 2802 tiam.
191 2738 318 2801 Veritus
341 2747 447 2801 autem
472 2736 618 2802 Christus
640 2747 696 2818 est,
720 2737 814 2802 simul
836 2747 867 2801 et
887 2740 1010 2803 iustitis
1032 2737 1177 2803 Christus

60 2831 119 2886 est.
162 2822 233 2908 Epo
262 2845 343 2902 sum,
371 2822 484 2907 inquit,
513 2825 579 2903 oio,
607 2825 726 2886 veritos
747 2832 776 2885 et
796 2825 876 2886 vita.
920 2822 985 2887 Sed
1012 2822 1177 2908 psalmista
1186 2841 1236 2882 Ioh.
1247 2841 1308 2892 ins.

60 2907 115 2986 ait,
148 2906 315 2989 quoniam:
348 2906 482 2969 Iustitia
514 2914 543 2967 et
570 2928 646 2990 pan
676 2906 839 2970 oseulatae
872 2917 948 2970 sont
976 2931 1018 2987 se,
1048 2905 1337 2992 quandorssuuns.

60 2991 183 3053 ueritas
211 2991 250 3054 de
281 2999 371 3053 terro
385 2999 473 3054 ‘orta
500 2998 555 3069 est,
586 2988 732 3053 Christus
755 2989 876 3053 seilicet
896 3000 989 3053 natus
1012 2989 1050 3054 de
1073 2991 1177 3054 Maria

59 3074 195 3157 virgine.
237 3074 358 3138 Factus
380 3083 426 3139 est
446 3073 532 3136 enim
560 3074 652 3136 nobis
673 3075 764 3136 Iesos
789 3072 936 3137 constes
959 3097 997 3138 sa
1025 3076 1126 3137 ientin
1155 3085 1338 3138 armornm.

61 3158 131 3221 Deo
154 3167 183 3221 et
203 3160 332 3221 institia
354 3167 383 3222 et
404 3156 620 3239 sanctificatio
643 3166 671 3221 et
685 3157 871 3242 redemptio,
893 3157 976 3220 siout
1015 3157 1111 3221 ‘otum
1128 3167 1177 3221 est

59 3239 101 3303 ab
125 3238 277 3325 apostolo.
310 3242 412 3326 Igitur
433 3241 553 3305 veritas
576 3250 625 3304 est
640 3240 794 3323 Christus,
816 3241 936 3305 iustitie
958 3250 1006 3305 est
1021 3239 1175 3321 Christus,
1251 3238 1256 3250 '

59 3346 128 3410 pax
155 3334 202 3388 est
230 3323 387 3408 Christus,
414 3326 511 3388 immo
542 3324 694 3410 quioquid
722 3325 842 3389 bonum
869 3334 917 3390 est
948 3334 1003 3388 aut
1032 3323 1177 3389 Christus

60 3416 117 3471 sut
138 3430 158 3471 a
180 3408 307 3473 Christo
329 3419 385 3491 est,
409 3409 561 3495 quonism
584 3407 729 3473 Christus
757 3409 846 3473 Deus
874 3418 930 3474 est.
976 3409 1040 3473 Sed
1067 3430 1177 3472 omnes

59 3493 215 3556 virtutum
235 3493 359 3577 speeies
381 3515 445 3556 uno
460 3492 599 3556 iustitiae
615 3494 817 3559 continentur
831 3494 968 3575 nomine,
991 3493 1084 3558 besto
1100 3513 1176 3579 quo-

84 3598 124 3638 ue
147 3577 345 3662 Hieronymo
373 3585 572 3655 attestante1,
602 3577 657 3661 qui
688 3598 851 3663 exponens
877 3575 956 3642 illud
977 3575 1224 3662 psalmistaezrs.
1235 3600 1284 3652 105,
1292 3600 1312 3645 s.

59 3599 169 3740 deaii,
192 3663 250 3745 qni
271 3662 459 3726 custodiunt
478 3660 639 3724 indicium
662 3671 690 3725 et
694 3661 834 3746 faciunt
853 3663 1015 3725 iustitiam
1036 3662 1178 3726 inomni

59 3754 219 3828 tempore:
252 3777 311 3810 enm
329 3759 470 3823 Dominus,
492 3743 605 3828 inquit,
628 3765 651 3810 et
677 3761 796 3810 salvator
820 3768 909 3811 noster
932 3761 966 3810 sit
990 3759 1043 3811 Dei
1066 3758 1177 3823 iustitio,

51 3834 126 3899 felis·
146 3840 183 3884 est
202 3839 225 3884 et
245 3833 334 3884 beatus
358 3834 404 3898 qni
419 3832 492 3899 feeit
510 3833 639 3884 iustitiam
658 3833 686 3882 in
705 3832 776 3882 omni
794 3841 915 3897 ternpore,
935 3832 964 3884 id
983 3840 1020 3884 est
1037 3831 1177 3897 Cirristnm,

60 3906 195 3973 qnoniam,
215 3907 239 3957 si
256 3906 324 3958 inste
336 3907 446 3972 opimus,
462 3905 608 3971 concipitur
625 3906 653 3957 in
670 3905 745 3956 nobis
759 3905 883 3956 institiae
900 3915 923 3958 et
940 3907 1049 3971 paritur
1060 3923 1091 3958 ex
1104 3905 1178 3958 nobis

59 4097 84 4150 s)
101 4103 142 4139 aut
157 4100 251 4139 tristitie
268 4100 290 4148 13
309 4099 386 4138 emend.
404 4099 519 4139 Frenerns.

63 4264 90 4329 1)
121 4265 280 4331 Hieronymi
306 4267 396 4332 opera
422 4230 464 4316 es.
495 4265 573 4316 nom.
594 4264 729 4329 vanans,
755 4266 876 4316 Veneriis
899 4264 978 4328 ires,
1004 4266 1065 4328 vn,
1093 4282 1120 4329 p.
1140 4264 1177 4314 11.

58 4338 161 4390 Psslm.
183 4339 229 4390 CV
249 4337 324 4405 (ooli.
345 4337 420 4403 388).
