2812 4830
255 373 305 424 DE
325 372 484 425 UNITATE
504 373 708 425 EOOLESIAE
733 373 1008 426 CONSERVANDA.
1158 373 1200 424 3¹(

70 537 231 604 Gerinum
254 539 392 604 diversis
407 540 520 626 poenis
542 550 573 605 et
595 541 791 606 cruciatibus
810 541 989 607 interfecit¹
1013 541 1129 607 multos
1153 565 1193 607 ue

68 623 151 687 alios
166 625 322 688 mactavit
336 634 368 688 et
383 626 552 709 oppressit.
576 625 648 705 Quo
671 626 800 690 tandem
817 628 934 707 occiso,
950 626 1108 712 Pippinus
1125 565 1192 690 dux

68 708 223 773 Austriae
246 709 349 773 maior
363 707 477 771 domus
493 708 640 791 efficitur,
663 711 718 796 qui
740 712 832 774 iuxta
852 710 1051 776 nobilitatem
1073 713 1201 797 pariter

67 803 100 857 et
130 791 318 877 religionem
349 794 591 876 progenitorum
619 816 751 858 suorum
784 816 866 880 opus
899 806 995 880 atque
1028 796 1193 879 negotium

66 876 208 962 piissimi
223 877 357 941 rectoris
380 887 412 940 et
432 875 666 961 religiosissimi
688 879 845 964 principis
868 881 1048 965 exequitur.
1082 880 1194 943 Domi·
1227 944 1229 949 ,

67 982 130 1024 nus
159 961 246 1025 enim
267 959 432 1041 Amulius,
463 983 504 1025 ex
532 961 599 1026 filia
619 963 705 1047 regis
728 962 867 1027 Olotarii
883 973 986 1046 natus,
1013 984 1087 1026 curn
1110 974 1202 1029 esset.

67 1047 211 1130 primum
244 1046 348 1109 maior
375 1044 499 1126 domus,
531 1047 565 1109 in
594 1068 694 1130 regno
727 1045 828 1110 edidit
860 1047 983 1112 nobiles
1015 1057 1046 1113 et
1074 1049 1193 1112 virtute

68 1138 271 1215 praestantes
294 1127 376 1192 filios
391 1128 528 1212 palatio,
552 1131 608 1215 qui
629 1139 741 1215 postea
756 1152 798 1194 ex
812 1132 999 1195 meritorum
1015 1133 1194 1195 considera-

67 1215 156 1278 tione
184 1214 289 1277 factus
310 1213 464 1277 Metensis
487 1213 642 1278 ecclesiae
665 1215 773 1299 episoo
798 1238 845 1297 ua,
872 1217 984 1300 genuit
1005 1216 1077 1280 Deo
1101 1216 1198 1300 spiri·-

68 1296 150 1363 tales
170 1296 253 1361 filios
275 1298 309 1360 in
325 1296 512 1362 sacerdotio.
537 1297 636 1362 Cuius
652 1310 738 1363 certe
756 1236 840 1363 filius
862 1312 930 1364 erat
944 1299 1115 1375 Anchisus,
1138 1301 1195 1385 qui

68 1381 110 1447 de
131 1384 262 1446 nomine
284 1381 418 1445 Troiani
436 1381 597 1447 Anchisae
619 1383 737 1447 dicitur
757 1383 972 1469 appellatus²;
1003 1384 1094 1448 cuius
1115 1385 1193 1449 item

69 1465 156 1529 filius
187 1476 255 1531 erat
277 1466 354 1548 iste,
382 1464 422 1529 de
450 1488 514 1552 quo
544 1467 785 1552 supradictum
809 1478 886 1550 est³,
908 1469 1077 1554 Pippinus,
1100 1479 1196 1554 pater

70 1549 194 1614 scilicet
227 1551 360 1614 senioris
391 1548 496 1614 Oaroli
531 1560 562 1615 et
590 1573 670 1615 avus
697 1554 784 1637 regis
813 1553 956 1638 Pippini,
986 1553 1025 1617 de
1054 1574 1118 1638 quo
1147 1553 1196 1616 sic

66 1635 152 1699 inter
169 1645 276 1698 cetera
290 1632 410 1718 legitur
431 1635 464 1696 in
482 1635 589 1700 Gestis
604 1636 812 1717 Francorum,
836 1636 933 1723 quod,
949 1659 1013 1701 una
1029 1658 1102 1700 cum
1119 1657 1194 1701 oon-

70 1719 143 1782 silio
177 1729 209 1784 et
241 1740 400 1783 consensu
432 1721 575 1784 omnium
603 1720 802 1784 Francorum
835 1723 934 1785 missa
965 1721 1119 1786 relatione
1151 1720 1193 1784 ad

67 1803 180 1867 sedem
192 1803 403 1889 apostolicam
415 1811 447 1866 et
457 1804 645 1869 auctoritate
660 1814 822 1889 percepta,
838 1804 1023 1890 praecelsus
1035 1806 1192 1890 Pippinus

70 1886 227 1952 electione
256 1888 354 1952 totius
384 1888 489 1972 gentis
519 1887 709 1953 sublimatus
739 1890 780 1950 sit
808 1889 840 1950 in
869 1889 978 1953 sedem
1005 1892 1097 1973 regni
1120 1910 1192 1952 cum

70 1972 314 2036 consecratione
347 1973 571 2057 episcoporum
608 1983 640 2037 et
672 1972 870 2036 subiectione
903 1973 1096 2058 principum.
1150 1973 1197 2035 Et·

68 2055 123 2119 lon
148 2079 166 2120 e
197 2077 296 2142 supra
323 2057 461 2141 scriptor
488 2056 639 2120 historiae
668 2055 848 2138 ostendens,
877 2057 1004 2141 quando
1034 2067 1066 2121 et
1087 2079 1107 2119 a
1129 2078 1193 2142 quo

68 2078 238 2205 inchoaret
257 2139 311 2204 ille
333 2141 543 2225 principatus,
566 2143 621 2225 qui
642 2140 760 2204 dicitur
782 2142 884 2204 maior
904 2140 1032 2204 domus:
1059 2155 1193 2222 Tempore,

68 2225 206 2310 inquil47
229 2238 347 2304 measti,
361 2241 451 2304 patris
464 2239 618 2306 Dapobsrtr,
637 2256 747 2306 regnans
759 2239 927 2291 Francorum
945 2241 1001 2306 regi
1020 2248 1137 2305 coeptam
1156 2246 1194 2290 cst

70 2323 94 2366 st
104 2311 291 2366 administrari
304 2314 337 2364 ab
347 2313 396 2373 lais,
410 2311 456 2378 qai
465 2312 666 2376 provisores
681 2316 782 2364 antas
795 2313 914 2380 reptas
926 2314 969 2365 oct
977 2313 1089 2364 maiores
1099 2313 1192 2363 clarnos

70 2404 126 2440 csse
145 2387 316 2450 ridebantur,
343 2385 437 2438 divina
463 2387 510 2436 lios
528 2386 700 2450 dispensante
714 2387 896 2452 providentia,
916 2395 945 2437 nt
965 2387 1001 2436 ad
1020 2387 1114 2437 horare
1128 2403 1193 2451 pro·

67 2462 172 2528 ysaiam
185 2461 352 2512 Francorum
365 2460 558 2525 tranrp‘crrctur
570 2475 696 2524 reynnm5
707 2460 816 2525 fuitque
833 2477 861 2511 so
876 2467 989 2526 tempore
1002 2458 1088 2510 maior
1100 2460 1196 2510 dantus

68 2534 99 2585 in
108 2534 214 2601 palatio
229 2532 283 2584 uro
292 2532 376 2583 tarii
387 2533 476 2599 regis
489 2529 627 2596 Arnolsas,
642 2533 691 2595 vir,
708 2534 914 2598 inpostmodum
928 2533 1032 2595 claruit,
1046 2532 1104 2584 Deo
1119 2549 1193 2583 anta·

69 2608 145 2672 sius,-
170 2607 218 2674 qus’
237 2613 300 2672 post
324 2604 426 2658 saccms'
441 2604 555 2672 gloriam
574 2603 671 2656 Christi
693 2623 720 2657 sc
746 2605 852 2658 seruitio
872 2607 995 2670 subdens,
1015 2603 1144 2657 mirabilis
1164 2605 1194 2655 in

69 2689 224 2755 episcopata
243 2687 335 2740 entire.
375 2671 584 2736 Considerate
607 2672 712 2737 huuca
734 2674 879 2738 ordinem
901 2696 1007 2739 rerum
1028 2682 1192 2759 gestarum

69 2764 102 2820 et
123 2756 310 2842 perspicite,
333 2756 360 2819 si
382 2757 474 2820 iuxta
496 2756 689 2842 scripturam
710 2757 924 2823 Hildebrandi
952 2779 993 2842 pa
1017 2779 1055 2821 ae
1077 2755 1192 2842 aliquis

69 2841 290 2904 Romanorum
305 2840 494 2924 pontificum
510 2841 697 2926 deposuerit
717 2863 738 2905 a
751 2863 850 2927 regno
868 2864 978 2926 regem
992 2779 1191 2905 l'raneorum

69 2934 103 2990 et
123 2924 343 3010 Francigenas
371 2925 551 2989 iuramento
580 2923 754 3007 fidelitatis,
782 2947 880 3011 quam
903 2926 933 2989 ei
954 2927 1116 3008 fecissent,
1137 2923 1192 2987 ab·

69 3008 216 3091 solverit3
246 3007 332 3093 quod
362 3008 484 3073 scilicet
510 3008 586 3087 fidei
607 3018 854 3091 sacramentum,
876 3009 959 3072 sicut
980 3021 1097 3095 supra⁵
1119 3029 1192 3093 pro·

69 3095 181 3158 batum
203 3101 252 3156 est
279 3114 321 3157 ex
350 3093 532 3156 testimonio
555 3092 673 3158 Sacrae
702 3091 897 3178 Scripturae,
926 3114 1020 3156 nemo
1050 3113 1191 3179 unquam

68 3175 194 3242 solvere
216 3177 345 3263 poterit,
366 3177 430 3241 nisi
444 3177 526 3241 forte
545 3176 721 3262 quemlibet
740 3177 815 3242 inde
837 3175 977 3240 solutum
998 3176 1103 3240 facere
1117 3173 1193 3240 velit

68 3261 261 3326 mendacem
295 3260 392 3324 simul
423 3270 456 3324 at
478 3284 519 3325 ue
551 3263 717 3360 periurum
749 3282 788 3324 ac
819 3261 892 3326 ideo
932 3258 1191 3324 condemnatum.

68 3343 341 3432 Quandoquidem
362 3345 415 3410 ille
470 3344 654 3427 ilderrchus,
677 3346 716 3409 de
739 3367 802 3444 quo
824 3345 939 3432 agitur,
960 3343 1039 3407 nihil
1062 3345 1191 3407 omnino

68 3431 180 3514 regiae
202 3431 370 3514 potestatis
391 3429 444 3494 vel
466 3429 498 3493 di
522 3431 631 3494 nitatis
653 3428 805 3493 habuisse
828 3427 1065 3510 describatur03
1095 3438 1191 3527 atque

68 3514 143 3579 ideo
167 3513 407 3600 comprobatur,
430 3453 520 3600 quod
540 3535 604 3577 non
625 3513 721 3577 fuerit
743 3513 891 3577 dominus
913 3511 1094 3598 aliquorum
1124 3533 1191 3575 s1ve

68 3607 185 3679 rector,
231 3599 360 3661 uoniam
383 3618 442 3661 rex
464 3619 483 3662 a
505 3595 647 3681 regendo
670 3596 794 3662 dicitur.
837 3597 883 3662 Ut
911 3597 996 3661 enim
1018 3594 1192 3682 quemlibet

69 3705 180 3767 regem
197 3620 406 3746 christianum
422 3682 724 3766 praetermittamus,
746 3702 831 3764 ecee,
851 3680 1012 3767 quomodo
1035 3681 1068 3743 in
1083 3679 1192 3744 Nabu-

68 3766 284 3848 chodonosor,
312 3788 389 3850 rege
416 3767 535 3831 iniusto
563 3774 595 3830 et
624 3764 706 3828 ultra
739 3787 866 3830 omnem
895 3774 1013 3829 terram
1041 3764 1192 3850 pessimo,

70 3873 159 3931 ecee,
181 3851 325 3936 inquam,
348 3849 508 3935 quomodo
531 3850 655 3934 regiam
677 3858 868 3934 potestatem
890 3850 924 3911 in
947 3871 985 3914 eo
1007 3849 1129 3913 zelatus
1144 3858 1192 3913 est

70 3936 222 4000 dominus
244 3934 351 3999 Deus:
383 3933 470 3998 Gens
492 3955 577 4016 vero,
607 3933 766 4019 inquiens,
794 3943 822 3998 et
843 3955 992 4018 regnans,
1015 3933 1103 4019 quod
1124 3954 1322 4008 nauseasse.

68 4125 92 4178 s)
109 4126 209 4175 stepaso
224 4124 359 4164 scribendam
375 4135 430 4174 ssse;
446 4135 509 4164 nunc
526 4126 545 4163 1.

70 4279 101 4345 1)
116 4278 200 4329 Gesta
210 4292 304 4342 regum
314 4277 480 4326 Francorum
494 4274 512 4325 l.
526 4273 544 4324 l.
590 4272 1063 4338 2JPaulus‚Hist.Langob.VI‚23.
1106 4273 1134 4336 3)
1150 4273 1190 4323 of.

70 4370 95 4404 c.
117 4353 142 4401 2.
200 4351 228 4413 4)
248 4349 349 4401 Paulus
362 4349 410 4412 VI,
426 4348 468 4410 16,
489 4348 563 4398 cuius
582 4347 665 4398 verba
685 4349 759 4398 auxit
779 4351 805 4397 st
824 4347 944 4396 mutavit.
1003 4348 1030 4409 ὃ)
1051 4344 1091 4397 cf,
1107 4361 1130 4395 c.
1146 4346 1189 4396 15.

67 4424 253 4490 amaa
