2812 4830
250 393 302 443 DE
320 393 480 445 UNITATE
498 392 703 445 ECCLESIAE
724 393 1001 446 CONSERVANDA.
1156 397 1191 446 47

67 583 133 625 uae
167 560 294 645 qlorine
315 560 458 645 faciunt
491 562 549 625 hoc
580 563 714 642 intuitu,
748 583 807 624 nos
836 570 952 643 autem,
982 565 1040 648 qui
1071 566 1193 628 iustam

63 653 197 728 partem
228 643 383 730 Creqorii
409 647 479 710 iam
509 669 531 709 a
559 645 630 709 Deo
660 647 833 728 assumpti,
865 647 949 709 sicut
980 650 1104 712 iustum
1137 659 1193 729 est,

67 727 288 813 dffendimus,
308 751 372 811 per
386 729 445 793 hoc
468 752 535 793 non
558 730 693 809 homini,
717 729 774 792 sed
796 728 859 793 soli
880 730 951 795 Deo
968 731 1102 816 placere
1120 755 1193 797 con·

66 813 242 877 tendimus.

154 897 184 959 5.
228 895 315 960 Hinc
343 897 407 960 iam
437 897 615 980 apparebit,
645 897 701 983 qui
724 897 789 962 sint
810 897 984 962 scismatici
1006 908 1039 964 et
1059 897 1193 964 heretici

66 989 167 1064 atque
190 981 472 1062 excommunicati,
503 1002 577 1044 cum
606 983 667 1045 iste
690 980 859 1045 scribendo
881 991 1025 1065 testetur,
1047 1005 1082 1048 se
1104 1005 1193 1048 suos-

68 1085 134 1149 que
167 1062 338 1128 defendere
371 1073 496 1148 partem
529 1065 579 1128 sui
613 1063 774 1151 Gregorii.
832 1064 897 1130 Sed
929 1067 1039 1131 tunica
1072 1066 1194 1132 Christi

66 1169 129 1234 per
150 1158 252 1213 totum
274 1146 416 1213 textilisa
442 1159 539 1234 atque
562 1149 757 1213 cohaerens¹
780 1160 964 1215 reservatur
991 1151 1085 1216 nobis
1113 1153 1193 1217 inte-

65 1253 129 1315 gra
160 1242 193 1296 et
223 1233 404 1296 inconcissa
435 1253 456 1294 a
487 1230 695 1296 carnificibus
722 1231 825 1315 Pilati,
857 1243 968 1318 utpote
998 1234 1194 1317 melioribus,

68 1337 168 1401 quam
199 1317 254 1401 qui
281 1315 429 1380 diuidunt
453 1317 608 1381 unitatem
640 1315 805 1398 ecclesiae,
860 1318 1098 1404 nandoquidem
1130 1321 1195 1418 ipsi

67 1399 293 1465 interfectores
316 1399 436 1466 Christi
457 1400 567 1465 dicant
587 1402 620 1463 in
643 1399 811 1486 euangelio
838 1339 880 1465 de
902 1404 1086 1488 integritate
1109 1403 1194 1468 illius

69 1485 216 1549 amicae:
231 1486 309 1549 Non
325 1485 515 1549 scindamus
529 1486 632 1568 iilam,
647 1487 704 1551 sed
718 1488 899 1550 sortiamur
913 1489 952 1552 de
968 1510 1017 1569 eo,
1033 1490 1126 1554 cuius
1141 1492 1193 1558 sit.
1204 1509 1340 1562 nurum.

69 1568 214 1633 Unitatis
250 1569 336 1632 enim
372 1580 609 1633 sacramentum
645 1580 677 1635 et
712 1569 904 1634 concordiae
940 1570 1104 1636 vinculum
1140 1571 1195 1636 illa

72 1651 196 1717 Christi
228 1655 339 1716 tunica
366 1652 609 1738 praetendebat,
638 1675 721 1739 quae
749 1653 791 1717 ab
819 1655 998 1738 accipiente
1028 1678 1067 1721 ac
1120 1660 1196 1721 ossi·

71 1735 171 1801 dente
193 1736 296 1800 scindi
311 1739 441 1801 omnino
462 1758 527 1801 non
541 1746 675 1822 poterat,
698 1737 756 1802 sed
776 1746 875 1801 totam
890 1737 985 1803 simul
1006 1751 1038 1804 et
1060 1679 1196 1806 solidam

70 1820 257 1885 firmitatem
279 1823 347 1884 inse
372 1820 537 1886 arabiliter
551 1821 726 1908 optinebat.
759 1820 854 1886 Unde
870 1833 998 1888 sanctus
1015 1823 1198 1908 Cyprianus

71 1905 247 1991 episcopus
269 1905 303 1968 in
324 1844 406 1970 lihro
429 1905 469 1971 de
490 1905 612 1970 unitate
634 1904 803 1970 ecclesiae:
828 1919 892 1982 Quis
911 1939 981 1990 erqo,
1001 1908 1108 1992 inquit
1117 1919 1139 1987 ²,
1159 1924 1197 1976 ac

72 1995 226 2058 sceleratus,
245 1995 305 2060 quis
323 1995 361 2047 sic
374 1995 524 2047 discordiae
529 1996 628 2061 furore
645 2012 769 2058 vesanus,
790 2003 820 2045 ut
839 2003 886 2045 out
905 1996 997 2048 credat
1014 1997 1102 2049 scindi
1108 2014 1196 2063 posse,

74 2076 125 2119 aut
149 2069 249 2120 audeat
273 2068 393 2121 scindere
416 2070 545 2121 unitatem
569 2068 632 2133 Dei,
657 2077 753 2120 uestem
776 2067 896 2130 Domini,
923 2070 1058 2121 ecclesiam
1081 2069 1198 2121 Christi?

73 2135 142 2201 Sed
171 2134 303 2222 quidam
332 2147 487 2201 exeuntes
514 2159 534 2200 a
555 2136 648 2200 nohis
671 2137 782 2200 dicunt
803 2144 834 2201 et
856 2133 1010 2218 scribunt,
1033 2160 1067 2202 se
1089 2137 1196 2202 defen-

75 2220 154 2284 dere
183 2228 311 2305 partem
337 2224 387 2284 sui
415 2221 481 2284 (ire
506 2221 576 2302 orii,
605 2242 669 2285 non
696 2219 731 2284 id
783 2219 847 2283 uod
869 2228 973 2285 totum
996 2231 1045 2287 est
1067 2219 1196 2302 Christi,

74 2302 165 2390 quod
183 2313 232 2369 est
246 2303 405 2369 catholica
426 2242 563 2370 ecehsia
578 2303 707 2370 Christi.
772 2303 836 2368 nde
857 2303 1001 2368 Isidorus
1025 2306 1197 2391 episcopus

73 2389 109 2451 in
133 2389 163 2452 8.
184 2388 267 2453 libro
290 2387 571 2474 etymologiarum:
594 2404 738 2469 Gulosus,
756 2388 892 2474 inquitss,
915 2404 963 2455 too
981 2412 1019 2457 est
1037 2405 1197 2457 cascaram

75 2477 187 2530 ecelesia
205 2476 312 2544 dieitur,
331 2478 458 2543 quoniam
476 2496 530 2531 non
549 2479 695 2530 secundum
713 2477 896 2530 conventicula
907 2477 1081 2530 hereticorum
1098 2479 1127 2530 in
1147 2478 1197 2529 ali-

74 2550 174 2616 quibus
198 2552 336 2620 repionum
355 2553 482 2618 partibus
502 2559 646 2614 coartatur,
672 2551 719 2602 sed
733 2568 786 2616 per
804 2558 885 2603 totum
903 2551 989 2602 orbem
1008 2552 1125 2603 dilatate
1143 2550 1197 2618 dif-

67 2633 212 2698 sanaim,-
232 2619 370 2705 ideoque
392 2618 489 2684 fidem
511 2641 576 2683 non
598 2617 717 2682 habent
738 2617 937 2699 catholicam,
961 2620 1016 2704 qui
1037 2627 1113 2682 sunt
1133 2640 1199 2683 non

74 2702 109 2762 in
131 2709 209 2783 toto,
231 2701 318 2788 quod
334 2702 469 2768 redemit
485 2703 632 2768 Christus
654 2712 685 2767 et
706 2702 792 2788 quod
807 2703 955 2788 regnabit
969 2724 1043 2766 cum
1059 2702 1196 2783 Christo,

76 2783 191 2849 sedin
212 2797 304 2870 parte
326 2785 443 2873 aliqua,
466 2787 596 2852 maioris
625 2786 700 2851 inde
723 2794 956 2873 consequentes
983 2786 1198 2851 damnationis

77 2869 279 2954 sententiam,
317 2881 475 2957 quotquot
507 2870 699 2935 confitentur
734 2871 769 2934 in
804 2870 963 2969 symbolo,
1000 2893 1034 2936 se
1067 2870 1198 2936 credere

76 2961 223 3016 sanctum
244 2954 411 3020 ecclesiam
433 2954 632 3037 catholicam,
655 2963 687 3019 et
708 2976 766 3038 per
786 2953 909 3039 ahquas
931 2956 1072 3039 partium
1095 2964 1198 3019 sectas

77 3037 175 3101 divisi
206 3060 272 3102 non
304 3047 413 3104 tenent
444 3040 600 3105 unitatem
632 3036 796 3118 ccclesiae,
826 3060 909 3135 quae
942 3037 1063 3102 scilieet
1092 3040 1198 3103 unitas

76 3122 172 3185 iuxta
201 3123 287 3207 quod
314 3122 441 3209 legitur,
468 3122 682 3188 multitudinis
704 3121 903 3186 credentium
925 3143 996 3185 esse
1022 3142 1077 3185 cor
1098 3138 1360 3193 unumunurm.

78 3213 111 3270 et
131 3205 273 3271 animam
295 3229 402 3291 unam,
425 3209 576 3272 convenit
596 3207 726 3292 proprie
741 3204 918 3270 catholicae
934 3204 1100 3270 ecclcsiae.
1133 3204 1200 3270 Sed

74 3312 139 3375 per
168 3290 264 3369 diem,
292 3291 408 3377 inquit,
437 3290 486 3356 soi
511 3315 579 3357 non
607 3300 679 3354 uret
707 3300 735 3354 te
757 3313 859 3376 neque
880 3290 963 3354 luno
980 3313 1045 3374 per
1066 3299 1335 3363 noctememsos.

76 3373 216 3458 Mystice
242 3375 347 3439 dictus
377 3374 426 3440 sol
451 3376 486 3438 in
507 3376 579 3439 Deo
608 3371 805 3459 intelligitur,
834 3382 866 3438 et
892 3375 925 3436 in
951 3372 1089 3438 ecclesia
1109 3396 1200 3459 prae·

77 3457 214 3542 figurate
237 3458 323 3524 dicte
350 3459 427 3524 luna
448 3457 645 3544 intelligitur.
691 3457 756 3522 Sed
782 3468 936 3544 tanquam
958 3481 977 3522 a
999 3458 1065 3522 sole
1086 3459 1198 3539 uritur,

77 3542 134 3628 qui
155 3542 189 3605 in
205 3541 333 3608 Christo
353 3542 599 3624 scandalizatur,
627 3542 761 3606 credens
783 3541 906 3628 aliquid
928 3542 1033 3606 minus
1060 3543 1094 3605 in
1116 3541 1199 3607 Filio

77 3647 176 3711 quam
197 3627 232 3690 in
252 3627 349 3693 Patre
371 3637 403 3694 et
423 3628 545 3713 Spiritu
567 3635 689 3708 sancto,
712 3628 864 3712 quoniam
879 3627 977 3691 Pater
998 3635 1030 3691 et
1042 3625 1145 3691 Filius
1168 3638 1201 3692 et

77 3714 100 3774 S
127 3710 220 3776 iritus
241 3721 372 3777 sanctus
393 3734 475 3776 unus
491 3721 540 3776 est
554 3712 644 3776 Deus
659 3709 940 3775 consubstantialis
955 3719 988 3776 et
1002 3721 1200 3777 coaeternus.

77 3731 193 3859 [iiitur
214 3804 322 3861 autem
343 3805 498 3882 tanquam
520 3819 539 3861 a
560 3795 646 3877 luna,
670 3795 726 3881 qui
747 3794 983 3860 scandalizatur
1004 3798 1037 3859 in
1056 3795 1200 3878 ecclesia,

78 3981 103 4036 a)
119 3985 198 4025 texilis
216 3986 236 4024 1.

79 4137 108 4199 1)
130 4135 172 4187 Of.
192 4135 321 4202 Cypriani
338 4135 422 4186 verba
447 4135 466 4185 l.
484 4151 507 4185 c.
534 4151 560 4200 p.
582 4133 653 4184 216:
680 4131 795 4185 Asuero
815 4132 880 4199 quia
899 4132 996 4184 Christi
1009 4135 1127 4199 populus
1146 4150 1200 4183 non

72 4214 163 4274 potest
183 4208 277 4273 scindi,
297 4208 389 4260 tunica
407 4206 465 4260 eius
478 4223 530 4273 per
549 4215 630 4258 totum
650 4206 746 4259 textilis
769 4215 794 4259 et
813 4207 953 4258 cohaerens
973 4205 1062 4259 diuise
1081 4222 1098 4256 a
1112 4205 1199 4271 possi·

78 4281 202 4334 dentibus
225 4299 278 4333 non
298 4289 343 4334 est.
468 4279 498 4345 2)
518 4282 608 4346 Opera
627 4297 651 4346 p.
673 4278 736 4332 216.
856 4277 885 4346 3)
908 4281 1006 4331 Isidori
1030 4279 1199 4346 Hispalensis

77 4355 188 4421 etymol.
208 4355 227 4406 l.
246 4356 325 4419 VIII,
345 4357 434 4422 Opera
454 4354 497 4405 ed.
517 4354 631 4405 Arevalo
650 4354 703 4421 111,
723 4372 749 4421 p.
769 4354 833 4407 346.
