2812 4830
224 314 259 364 40
408 313 459 363 DE
483 308 642 363 UNITATE
661 305 865 358 ECCLESIAE
887 304 1162 357 CONSERVANDA.

224 488 280 539 iana
305 486 396 538 dieunt
420 485 551 546 uitioeant,
577 482 645 533 sicut
666 481 745 547 prius
757 481 855 546 fuerat
882 478 1055 545 disputatura,
1074 480 1121 531 ned
1140 479 1208 531 sicut
1227 481 1297 533 ratio
1316 498 1346 533 eu

225 560 279 612 illie
298 559 492 626 definitionibus
516 572 637 607 connexa
655 553 795 618 docuisset,
815 551 920 604 annino
939 552 1042 602 nullam
1060 569 1114 604 esee
1133 570 1189 604 rena
1202 555 1346 620 publicam,

227 632 354 699 quoniam
371 649 425 682 nou
445 637 510 682 earet
528 647 569 680 res
592 627 696 694 populi,
722 644 780 677 cana
803 633 933 692 tyrannus
958 643 1017 676 earu
1028 626 1168 692 factionea
1193 636 1346 693 capesseret,

227 723 275 758 nec
293 705 349 770 ipae
364 706 482 770 populus
502 703 557 753 iarn
571 703 689 768 populna
703 706 776 762 esset,
796 699 820 750 si
839 705 903 750 earet
921 698 1045 762 iniuntur,
1065 699 1192 765 quoniam
1209 718 1265 752 non
1284 709 1348 754 esset

228 779 367 830 multitudo
387 778 454 829 iuria
473 792 601 828 consensu
625 781 648 826 et
675 772 794 824 utilitatis
820 772 999 823 communione
1018 773 1127 835 sociata,
1147 773 1215 824 sicut
1229 776 1347 840 popular

217 851 318 927 'fuerat
337 859 468 926 definitur.
503 843 520 907 I
545 843 608 907 itur
623 842 704 906 duae
721 841 867 904 civitates
890 840 923 902 in
946 839 1047 904 Sacra
1070 840 1242 926 Scriptura
1264 864 1347 906 eorn-

228 927 430 1009 mendantur,
443 949 508 991 una
521 866 596 1007 itai,
617 925 718 991 altera
732 922 868 1006 diaboli3
890 922 944 986 illa
957 946 1016 1008 per
1031 924 1236 990 Hierusalem
1253 927 1347 1011 signi·

228 1012 353 1093 ficatur,
375 1012 567 1095 metropolin
613 1009 701 1095 apuli
722 1009 796 1089 Dei,
818 1007 897 1072 haee
920 1029 978 1093 per
998 1008 1211 1094 Babylonem,
1233 1021 1348 1076 metru-

228 1095 317 1182 polin
337 1096 483 1180 gentium
504 1033 626 1180 populo
649 1094 712 1157 Dei
735 1113 862 1176 semper
882 1090 1116 1175 adversariam,
1138 1103 1237 1181 atque
1265 1094 1347 1178 idea,

229 1181 380 1266 quoniam
402 1178 606 1244 Hierusalem
628 1179 709 1242 visio
732 1177 823 1262 pacis
844 1176 1080 1261 interpretatur,
1103 1199 1168 1276 pax
1189 1181 1347 1263 perniveo

227 1272 324 1350 atque
351 1265 548 1328 domesticos
570 1261 748 1347 Babylonis
776 1259 991 1343 confunditur,
1019 1283 1170 1346 quoniam
1200 1261 1347 1347 Babylon

82 1347 372 1421 ron.14,ar.confusio
409 1348 647 1433 interpretatur.
690 1346 816 1426 Paeane,
853 1345 959 1430 inquit
991 1346 1161 1425 Dominus,
1198 1347 1347 1434 relinquo

227 1434 327 1514 uobis,
346 1456 462 1516 pacem
484 1454 588 1496 meana
609 1432 651 1494 olo
672 1429 781 1510 coetu
804 1430 899 1509 unde,
922 1429 949 1492 si
972 1432 1099 1514 quando
1120 1430 1178 1494 filii
1195 1430 1348 1496 ecclesiae

229 1525 389 1602 coguntur
417 1514 615 1600 belligerare,
643 1535 708 1577 non
735 1513 796 1576 hoc
817 1521 918 1597 agunt
943 1535 984 1577 ex
1006 1513 1152 1580 doctrina
1175 1515 1297 1581 Christi
1318 1525 1347 1580 et

227 1599 399 1665 traditione
420 1598 584 1682 eeclesiae,
613 1598 671 1662 sed
699 1619 741 1662 ex
763 1598 952 1661 necessitate
981 1610 1012 1663 et
1034 1602 1183 1685 contagio
1208 1600 1346 1685 quodam

227 1683 405 1770 Babylonis
428 1683 566 1747 civitatis
586 1692 741 1761 terrenae,
764 1680 851 1766 apud
867 1702 964 1767 quarn
980 1691 1124 1769 tempore
1146 1683 1347 1749 mortalitatis

229 1789 307 1832 suae
335 1768 583 1853 peregrinantur
609 1765 670 1829 filii
691 1765 947 1851 Hierosolymae.
991 1768 1078 1830 Hinc
1098 1769 1216 1833 iterum
1239 1767 1348 1854 Augu-

229 1853 332 1916 stinus
346 1852 381 1915 in
396 1850 581 1936 supradicto
595 1850 678 1915 libro
694 1848 734 1914 de
750 1850 878 1913 civitate
894 1849 971 1912 Dei:
1009 1865 1184 1931 Garunnae,
1211 1853 1318 1940 inquit
1327 1865 1346 1932 ¹,

228 1940 363 2009 relipionie
380 1949 525 2008 praccepta
547 1944 579 1994 de
606 1939 683 1992 iustis
697 1939 841 2004 probisque
859 1939 976 1990 moribus
995 1940 1019 1990 si
1036 1940 1116 1992 simul
1130 1942 1258 1994 audirent
1274 1949 1349 2009 atqua

230 2022 354 2068 curarent
372 2033 445 2083 repen
466 2022 551 2067 terrac
571 2021 595 2066 et
614 2029 701 2065 aranee
716 2012 813 2078 populi
826 2010 962 2078 principer
982 2020 1006 2064 et
1024 2031 1112 2066 annea
1131 2015 1233 2068 iudices
1256 2024 1348 2081 terrae,

229 2090 336 2141 iuvenes
355 2096 380 2139 et
398 2088 522 2156 oirpines,
542 2104 616 2139 renea
635 2103 694 2137 curn
711 2085 870 2147 iunioribus,
896 2092 970 2137 aetas
989 2087 1072 2138 omnis
1098 2105 1186 2154 capace
1206 2096 1230 2140 et
1242 2097 1350 2155 uterque

230 2178 309 2214 senua
329 2169 352 2214 et
371 2179 436 2227 quos
461 2161 577 2225 baptista
598 2160 732 2210 lohannes
755 2159 898 2223 alloquitur
922 2167 1055 2212 coactores
1078 2160 1131 2226 ipsi
1150 2168 1228 2227 apua
1247 2164 1350 2228 milites,

230 2242 292 2287 tunc
311 2242 335 2286 et
353 2241 438 2286 terrae
457 2234 527 2286 uitae
542 2231 692 2298 praesentia
711 2239 817 2282 ornaret
835 2250 886 2282 sua
897 2233 1030 2298 felicitate
1047 2250 1089 2284 ree
1104 2235 1217 2300 publiea
1236 2243 1260 2287 et
1281 2236 1350 2288 uitae

231 2316 353 2362 aeternae
373 2308 475 2358 culmen
495 2305 641 2358 beatissime
660 2311 805 2370 repnatura
824 2306 1014 2358 conscenderet.
1049 2306 1104 2358 Sea
1116 2308 1182 2373 quia
1200 2309 1249 2361 iate
1266 2310 1350 2373 auda,

229 2382 273 2433 ille
299 2380 445 2442 contemnit,
466 2380 611 2444 pluresque
636 2376 706 2428 otuu
725 2378 793 2458 male
816 2378 1011 2459 blandientibus
1035 2397 1116 2445 quant
1139 2381 1200 2432 utili
1223 2383 1352 2434 uirtutum

231 2461 369 2527 asperitati
393 2467 455 2512 eunt
474 2459 619 2522 amiciores,
644 2460 763 2522 tolerare,
783 2456 895 2530 mqua,
916 2461 1012 2513 Otrieti
1022 2463 1127 2528 famuli
1144 2464 1278 2528 iubentur,
1297 2466 1351 2519 eine

231 2535 283 2586 sint
301 2551 383 2601 repes,
402 2534 458 2584 siue
468 2533 615 2600 principer,
635 2531 690 2583 siue
701 2531 810 2597 iudices,
830 2534 884 2586 eine
903 2535 1005 2598 milites,
1024 2535 1079 2587 siue
1086 2537 1276 2602 provinciales,
1296 2539 1352 2591 siue

230 2606 333 2669 divites,
360 2607 415 2658 siue
435 2622 579 2672 pauperes,
603 2604 659 2657 aiae
678 2603 761 2669 liberi,
787 2607 842 2660 siue
865 2608 943 2671 serui,
968 2603 1135 2660 utriuolilretb
1160 2627 1249 2676 senne,
1273 2612 1353 2664 ctiam

225 2679 418 2746 pertinenti
436 2679 475 2729 ita
492 2695 596 2731 necesse
615 2685 660 2741 eet,
672 2674 959 2746 flapitiorieeirnunque
976 2698 1033 2732 reru
1047 2682 1191 2748 publicana,
1212 2691 1236 2735 ct
1254 2684 1284 2736 in
1303 2685 1353 2737 itta

230 2753 384 2819 anpelorunt
408 2753 527 2816 quadam
551 2751 719 2803 sanctissima
743 2759 820 2818 atqua
845 2755 1033 2821 aupustiaeina
1052 2755 1128 2807 curia
1148 2757 1304 2824 corneaque
1322 2774 1351 2810 re

225 2825 344 2891 publica,
364 2824 410 2877 uu·
421 2825 475 2876 Dei
494 2826 616 2877 voluntas
635 2826 678 2877 lea
697 2831 742 2889 eet,
762 2827 935 2878 clarissimum
953 2828 1005 2880 eibi
1022 2830 1106 2879 locunt
1119 2829 1198 2881 etiam
1215 2831 1270 2882 ieta
1289 2832 1351 2884 tole·

228 2905 321 2957 raucio
339 2924 501 2972 comparare.
549 2892 646 2974 Quod
673 2893 742 2977 ipse
771 2904 934 2980 praestare
956 2895 1106 2979 dignetur
1134 2899 1190 2982 qui
1216 2899 1300 2963 vivit
1321 2909 1353 2966 et

228 2984 343 3060 regnat
363 2974 454 3040 Deus
475 2998 534 3062 per
555 2979 664 3042 omnia
686 2978 816 3042 saecula
837 2977 1050 3045 saeculorum!
1083 2982 1199 3045 Amen.

691 3153 826 3219 LIBER
847 3155 892 3220 ΙΙ.

112 3283 158 3324 reo.
170 3284 190 3330 a,
199 3284 218 3323 1.
316 3255 343 3318 1.
386 3254 496 3320 Nolite
522 3253 640 3340 plures
674 3260 827 3342 mapietri
850 3259 931 3341 fieri
946 3256 1079 3343 fratres
1105 3261 1176 3340 naci,
1204 3262 1353 3342 scientae,

250 3341 387 3403 ueniant
408 3341 518 3402 maine
534 3339 696 3403 iudicium
718 3343 854 3423 sancitis,
878 3344 960 3406 sicut
978 3341 1056 3406 dicit
1069 3342 1208 3407 Iacobus
1223 3355 1353 3430 aposto·

66 3359 277 3494 uasereeuoius
310 3444 352 3487 ex
383 3421 529 3486 doctrina
555 3421 678 3486 domini
704 3434 736 3489 et
766 3423 940 3491 Salvatoris
968 3427 1085 3490 nostri:
1125 3428 1202 3509 Vos,
1234 3429 1271 3492 in
1295 3432 1354 3512 uit,

230 3505 328 3571 nolite
358 3508 471 3570 vocari
499 3506 603 3586 rabbi,
631 3529 719 3571 uncos
747 3520 792 3573 est
814 3512 900 3575 eninr
921 3513 1078 3596 napister
1099 3522 1210 3575 uerter.
1255 3450 1352 3578 [inde

229 3589 430 3674 Augustinus
454 3589 487 3652 in
508 3587 589 3654 libro
606 3591 660 3675 qui
675 3593 899 3676 praetitulatur
917 3595 956 3659 de
971 3596 1147 3679 magistro²
1171 3594 1356 3682 disputans,

230 3694 386 3759 quaerens
409 3684 441 3737 et
462 3674 637 3756 inveniens,
660 3677 849 3760 magistrum
871 3701 1035 3761 nonense,
1058 3680 1113 3765 qui
1135 3681 1231 3745 docet
1251 3682 1355 3746 homi-

229 3780 304 3823 nem
326 3757 503 3838 seientiam,
531 3759 592 3822 nisi
613 3759 736 3824 Deum:
771 3777 922 3844 Magistros,
948 3763 1063 3849 inquit,
1089 3780 1184 3846 ptura
1209 3787 1272 3833 runc
1289 3780 1357 3848 fieri

231 3943 254 3999 e)
270 3947 302 3987 tta
318 3946 389 3998 Anna
405 3948 546 3990 factioner.
635 3949 659 4003 b)
675 3953 707 3992 tta
722 3942 795 4002 drea,¹
812 3954 990 4002 utriusquelibet
1005 3956 1025 3995 1.

232 4102 259 4171 1)
278 4106 443 4171 Augustinus
461 4109 561 4160 ibidem
581 4129 606 4177 p.
624 4113 668 4164 47.
726 4112 755 4178 2)
775 4113 853 4164 Haec
871 4115 955 4165 verba
973 4116 1001 4165 in
1020 4120 1078 4166 toto
1097 4114 1144 4165 illo
1166 4114 1200 4165 de
1221 4118 1357 4182 magistro

230 4179 338 4245 dialogo
359 4178 461 4247 (Opera
480 4183 504 4247 1,
523 4201 550 4252 p.
571 4182 637 4252 541)
655 4201 709 4236 non
734 4187 913 4251 inveniuntur,
933 4204 1021 4255 neque
1047 4191 1163 4249 omniun,
1187 4195 1218 4240 ut
1236 4190 1357 4251 videtur,

229 4253 301 4321 apud
320 4253 505 4320 Augustiuum.
