2812 4830
224 366 260 415 44
410 365 462 414 DE
481 362 641 415 UNITATE
661 361 866 413 ECOLESIAE
887 361 1163 414 cousnsvhnnn.

225 537 325 598 ritum
340 555 442 616 neque
454 554 517 614 pu·
532 551 709 594 sermonem
725 552 826 615 neque
842 551 908 614 pen
923 530 1093 613 epistolum
1114 539 1281 615 tanquam
1290 554 1349 617 per

228 639 288 681 uos
311 618 454 679 missum.
495 614 651 678 Omnibus
674 623 790 695 nutem,
814 615 872 699 qui
895 616 1051 678 invocant
1073 637 1189 678 nomeu
1213 617 1348 680 Domini

67 729 216 783 1.cor.1‚s.s.
229 702 336 765 nostri
357 702 393 762 in
411 700 499 763 omni
519 699 587 762 loco
611 701 760 780 ipsorum
783 707 812 761 et
826 708 947 778 nostro,
970 701 1084 784 qratia
1107 708 1135 762 et
1144 722 1223 783 pau
1245 722 1268 763 a
1283 701 1348 764 Deo

223 795 324 869 putre
351 792 461 847 nostro
488 792 517 846 et
547 783 677 846 domino
701 782 776 844 Iesu
801 781 938 846 Christo.
982 782 1055 847 Hoc
1078 784 1208 867 signum
1232 782 1349 863 salutis,

228 889 310 954 quae
339 868 381 932 ab
408 865 554 952 apostolo
583 863 677 928 nobis
708 874 836 951 optatur
863 875 894 929 et
923 887 943 929 a
970 865 1042 929 Deo
1072 868 1284 952 promittitur,
1312 867 1349 932 ab

228 961 359 1015 auctore
381 950 565 1036 propositae
587 974 604 1015 e
628 947 741 1013 istolae
757 947 852 1012 nobis
867 949 1074 1030 subtrahitur,
1097 952 1203 1036 gratia
1221 952 1349 1033 scilicet,

251 1059 293 1101 ua
320 1036 413 1100 nobis
443 1044 578 1120 peccata
604 971 772 1116 donentur,
798 1055 874 1118 pax,
897 1055 962 1119 qua
983 1034 1056 1098 Deo
1078 1035 1349 1100 reconciliemur&

227 1059 321 1186 llnde
351 1130 382 1184 et
411 1120 480 1205 ipse
505 1118 594 1184 venit
620 1116 742 1203 absque
769 1115 915 1182 doctrina
945 1117 1073 1199 Christi,
1104 1120 1161 1205 qui
1183 1120 1348 1204 praecipit,

227 1226 341 1291 pacem
353 1204 458 1289 primo
470 1201 670 1267 auditoribus
690 1202 836 1299 proponi,
852 1202 1013 1287 quoniam,
1028 1203 1112 1266 siout
1127 1226 1185 1288 per
1197 1204 1349 1268 Hesaiam

68 1289 419 1374 easmanprophetam
448 1286 575 1367 dicitur,
604 1307 684 1370 opus
714 1285 853 1350 1ustitiae
884 1295 933 1350 est
957 1308 1024 1371 pax
1054 1297 1086 1351 et
1107 1287 1231 1352 fructus
1255 1287 1349 1352 labio·

83 1361 197 1413 arsuro.

228 1395 299 1437 rum
328 1371 392 1434 Dei
421 1392 488 1455 pax
520 1378 552 1434 et
580 1368 740 1433 hereditas
769 1367 923 1434 ecclesiae
953 1381 1002 1435 est
1027 1392 1103 1456 pax.
1148 1371 1215 1436 Sed
1243 1380 1350 1437 contra

229 1456 393 1522 Christum
416 1464 448 1518 et
469 1452 637 1518 ecclesiam
659 1453 746 1534 facit,
769 1455 914 1539 quisquis
936 1464 1045 1518 contra
1067 1476 1181 1540 pacem
1204 1457 1295 1536 facit,
1316 1455 1350 1520 de

251 1561 367 1603 uorum
394 1559 528 1602 numero
562 1559 633 1603 esse
664 1537 860 1618 ostenditur,
891 1540 957 1624 qui,
986 1546 1098 1623 utpote
1126 1539 1179 1602 fur
1213 1549 1246 1605 et
1275 1540 1350 1604 latro

229 1563 359 1687 iliunde
386 1623 509 1686 intrans
537 1622 578 1686 ad
606 1620 770 1686 doctrinae
798 1621 949 1703 studium,
979 1644 1075 1707 quam
1097 1645 1156 1708 per
1178 1624 1350 1705 Christum,

194 1777 197 1780 ,
230 1709 291 1807 qui·
310 1717 358 1771 est
381 1707 507 1789 ostium,
531 1727 593 1793 quo
616 1704 807 1771 adsalutem
822 1709 968 1787 intratur,
990 1717 1088 1792 negat
1108 1709 1142 1771 in
1157 1709 1231 1794 ipso
1246 1708 1351 1772 limine

147 3137 264 3201 ‘iu

229 1802 407 1879 scripturae
439 1813 526 1873 suae,
561 1791 649 1876 quod
677 1790 755 1856 velit
786 1791 853 1854 suis
882 1790 1084 1855 auditoribus
1116 1791 1350 1874 salutationem,

230 1899 312 1964 quae
344 1877 437 1941 iuxta
468 1875 685 1942 testimonium
719 1875 806 1939 beati
833 1874 1007 1960 Augustini
1040 1899 1060 1940 a
1091 1876 1194 1941 salute
1226 1878 1351 1956 dicitur,

229 1961 435 2044 annuntiare3
458 1962 513 2046 qui
535 1960 642 2023 adhuc
663 1960 893 2025 contentiosius
914 1981 1011 2043 agere
1034 1960 1200 2046 probatur,
1224 1961 1351 2060 quando

230 2046 271 2109 ad
301 2045 537 2110 confirmandas
570 2045 827 2108 scismaticorum
859 2045 981 2130 pariter
1012 2055 1108 2131 atque
1136 2042 1351 2111 hereticorum

253 2139 336 2194 artes
362 2129 545 2194 testimonia
575 2130 696 2193 Sacrae
720 2128 905 2214 Scripturae
934 2127 1009 2192 hinc
1036 2128 1111 2194 inde
1134 2129 1353 2194 contrahendo

228 2152 362 2293 lirratus,
384 2222 421 2276 ut
441 2213 475 2275 in
496 2211 620 2276 insidiis
643 2221 674 2277 et
692 2214 782 2298 quasi
804 2233 863 2297 per
876 2212 1044 2276 latrocinia
1058 2213 1218 2299 quaedam
1235 2214 1354 2279 incauti

231 2297 444 2382 decipiantur.
470 2296 661 2381 (drepanius,
673 2297 786 2381 inquit,
802 2299 1015 2362 Innocentius
1030 2308 1059 2360 et
1074 2320 1229 2382 sequaces
1244 2322 1352 2364 eorrrm

232 2404 339 2446 omnes
351 2380 491 2463 fortiter
512 2380 701 2464 improbant
722 2380 886 2465 quodlibet
908 2381 1110 2446 sacerdotale
1133 2381 1282 2466 officium
1314 2384 1350 2447 ab

232 2465 367 2528 ecclesia
389 2473 626 2547 separatorum.

316 2548 346 2612 3.
390 2547 487 2629 Ecce,
512 2547 671 2631 quomodo
694 2546 746 2611 ille
768 2549 914 2612 minister
935 2546 1066 2630 diaboli,
1089 2570 1165 2613 ecce
1189 2550 1351 2635 quomodo

231 2631 360 2713 insanit,
393 2633 553 2716 quomodo
581 2654 641 2696 nos
671 2653 780 2696 secum
809 2634 843 2696 in
865 2633 991 2697 foveam
1013 2632 1204 2718 perditionis
1228 2636 1354 2700 mittere

232 2717 367 2862 qpaerit,
396 2717 452 2801 qui
485 2716 571 2801 apud
602 2717 642 2781 13
671 2725 795 2781 tantum
828 2725 884 2780 aut
914 2715 1011 2801 paulo
1041 2717 1149 2802 plures
1183 2719 1352 2804 episcopos

266 2798 445 2865 ildebrandi
466 2821 570 2885 papae
592 2799 705 2864 scribit
727 2810 838 2866 sancta
852 2801 917 2865 Dei
932 2822 1001 2865 esse
1023 2800 1212 2880 sacerdotia,
1236 2813 1353 2869 cetero-

231 2905 304 2946 rum
334 2893 452 2966 autem,
484 2887 539 2969 qui
569 2895 643 2950 sunt
673 2907 733 2970 per
762 2883 873 2951 orbem
900 2895 1067 2967 terrarum,
1101 2889 1283 2952 sacerdotia
1313 2885 1352 2950 ab

232 2968 369 3033 ecclesia
389 2968 453 3033 Dei
480 2991 550 3035 esse
578 2977 735 3055 separata,
764 2991 838 3035 cum
866 2979 952 3034 certe
980 2991 1044 3034 non
1071 2968 1174 3034 solum
1201 2970 1352 3059 Gregorii

230 3061 263 3116 at
286 3075 326 3118 ue
341 3053 521 3118 Innocentii
542 3054 770 3135 testimonium,
793 3054 850 3118 sed
866 3055 1009 3118 omnium
1024 3064 1209 3120 sanctorum
1224 3065 1351 3141 patrum

265 3075 386 3202 dicium
399 3139 573 3203 concordat
588 3161 662 3202 cum
677 3139 835 3203 sententia
848 3136 934 3202 beati
949 3137 975 3202 O
1023 3138 1105 3202 riani
1120 3141 1279 3227 episcopi,
1292 3161 1352 3226 qua

229 3231 378 3288 testatur¹
395 3225 429 3285 in
440 3222 523 3286 libro
535 3223 575 3287 de
588 3224 710 3287 unitate
722 3221 887 3302 ecclesiae,
901 3244 964 3307 quo
999 3222 1122 3288 alienus
1134 3224 1184 3304 sit,
1196 3225 1350 3309 profanus

230 3309 281 3390 sit,
297 3307 397 3371 hostis
416 3308 467 3387 sit,
486 3306 574 3392 quod
588 3306 696 3371 Deum
715 3316 840 3390 patrem
855 3306 973 3372 habere
988 3328 1052 3370 non
1067 3309 1195 3393 poterit,
1215 3309 1275 3395 qui
1288 3330 1350 3373 non

225 3400 316 3455 >tenet
336 3391 492 3454 unitatem
515 3389 680 3472 ecclesiae,
703 3412 800 3476 quam
821 3400 1054 3477 consequenter
1076 3393 1173 3455 etiam
1196 3391 1350 3458 describit

229 3498 329 3539 unum
344 3473 559 3539 sacerdotium
575 3472 702 3539 habere.
741 3489 813 3541 Nam
832 3497 861 3541 m
879 3490 1013 3554 nutarem,
1032 3475 1145 3561 inquit,
1167 3491 1350 3557 mam'seumu

228 3565 370 3628 Dominus,
390 3563 501 3614 unitatis
520 3563 576 3615 eius
596 3564 724 3627 originem
744 3564 777 3613 ab
797 3581 850 3615 uno
869 3563 1035 3630 incipientem
1054 3583 1105 3617 suu
1120 3566 1278 3618 auctoritate
1297 3566 1347 3618 dir·

224 3639 326 3704 posuit,
356 3645 379 3689 et
404 3635 469 3701 quie
496 3644 572 3688 erunt
597 3638 686 3704 utique
712 3644 736 3691 et
758 3637 835 3689 ceteri
860 3638 973 3702 apostoli
996 3640 1068 3703 quod
1085 3639 1146 3703 fuit
1163 3638 1270 3699 Petrus,
1285 3638 1348 3705 peri

229 3711 359 3762 consortio
380 3707 501 3776 praediti
525 3717 549 3761 et
574 3712 680 3763 bonoria
706 3718 729 3764 et
744 3711 890 3776 potestatis,
915 3712 1054 3763 scordium
1073 3713 1106 3764 ab
1125 3712 1227 3763 unitate
1241 3711 1346 3779 profici·

161 3807 162 3810 ¹
228 3783 321 3848 scitur,
342 3791 372 3835 ut
390 3780 499 3834 ecclesia
517 3801 573 3835 une
592 3791 757 3849 monstretur,
776 3801 857 3848 quam
875 3783 972 3836 scilicet
990 3785 1117 3836 unitatem
1136 3792 1222 3837 tenere
1234 3785 1347 3852 firmiter

228 3872 253 3918 et
271 3865 409 3918 uindicare
423 3864 545 3917 debemus
560 3868 672 3919 manime
685 3884 742 3931 nos,
762 3851 876 3936 lnquit,
898 3867 1022 3934 episcopi,
1041 3867 1088 3932 qui
1105 3865 1134 3918 in
1147 3867 1258 3920 eeclesia
1266 3883 1345 3934 prue-

228 3946 353 4008 sidemus,
372 3953 402 3997 ut
420 3948 598 4015 episcopatum
616 3967 719 4015 quoque
737 3967 820 4000 unum
839 3957 917 4016 utque
935 3948 1081 4001 indivisum
1095 3949 1247 4015 prodemus.
1283 3931 1345 4000 Sed

227 4013 421 4081 Hildebrant
446 4039 532 4105 papa
559 4021 605 4081 sic
626 4017 737 4081 divisit
756 4018 853 4082 etiam
874 4015 1054 4082 sacerdotia
1076 4017 1345 4102 quemadmodum

228 4187 251 4240 a)
267 4191 298 4229 stc
310 4195 366 4239 puto
381 4192 514 4231 scribendum
530 4202 585 4242 essm
605 4192 786 4231 reconcilientur
802 4192 821 4230 1.

228 4329 257 4397 1)
278 4333 318 4385 cf.
340 4333 467 4403 Cypriani
486 4334 584 4401 Opera,
603 4350 629 4400 p.
650 4332 712 4385 212.
727 4334 789 4385 213.
