2812 4830
175 342 178 349 Ι
240 379 290 428 ΒΕ
308 377 467 430 UNITATE
486 377 690 428 accursum:
711 376 988 430 CONSERVANDA.
1138 378 1171 428 27

59 560 228 643 corrasam..
254 544 406 610 Similiter
435 555 467 610 et
491 544 679 643 Anastasius
706 566 791 643 papa
818 567 883 608 non
912 544 1067 609 iudicavit
1087 546 1172 610 Ana·

58 639 191 692 stastum
220 640 445 714 imperatorem
472 628 648 693 hereticum
669 638 779 715 utrque
808 638 840 693 et
864 629 1064 694 defensorem
1086 629 1173 693 here-

62 713 207 794 ticorum,
236 713 302 796 sed,
325 715 407 778 sicut
430 710 577 777 Gelasius
600 733 727 798 quoque
757 712 885 797 fecerat,
907 713 1092 800 suppliciter
1113 735 1172 799 pro

59 819 140 882 paee
155 795 372 861 ecclesiastica
388 794 560 883 alloquitur
576 817 663 860 eum:
688 811 749 876 Fili,
769 798 946 882 inquiens1,
969 813 1172 876 clementissime,

59 904 108 938 nos
127 887 307 952 supplicantes
327 888 530 938 controversiam
547 887 669 936 nolumus
688 892 823 938 remanete
841 887 870 937 in
883 887 997 950 ecclesia,
1017 903 1076 937 cum
1088 887 1172 952 mnpis

59 958 172 1010 vitanda
191 959 226 1010 sit
244 961 381 1023 contentio,
402 960 534 1025 qnoniam,
554 958 620 1010 sicut
632 958 670 1009 in⁴
672 958 821 1024 proverbiis
834 960 940 1024 dicitnr,
960 959 1050 1012 odiam
1065 960 1174 1010 amarat

60 1042 199 1102 contentio,
218 1042 323 1092 omnisa
341 1051 427 1094 antem
446 1043 492 1108 qai
509 1059 561 1093 non
575 1040 707 1093 contendit
720 1048 798 1107 prote
820 1040 835 1090 't
854 1041 997 1092 amicitiam
1011 1036 1043 1090 et
1058 1035 1174 1108 cetera,

62 1131 146 1195 quae
182 1107 322 1193 plurima
356 1109 496 1195 loquitur
527 1130 588 1193 *pro
624 1130 705 1194 pace
742 1058 967 1190 ecclesiastica,
1004 1111 1173 1195 quoniam:

61 1208 121 1270 Ille,
146 1193 267 1278 lnquit,
291 1226 344 1274 pro
369 1206 470 1260 Christo
490 1207 619 1274 fungitur
644 1206 782 1276 lepatione,
813 1206 860 1272 qni
877 1224 930 1272 pro
956 1225 1023 1273 pace
1046 1215 1175 1274 precatur

63 1289 196 1342 ecelesiae.
231 1275 388 1345 ,Christus
422 1277 506 1340 enim
542 1285 590 1340 est
621 1296 688 1359 pax
719 1283 837 1355 nostra,
866 1284 897 1338 et
926 1277 997 1360 ipsa
1030 1285 1077 1340 est
1109 1298 1176 1362 pax

61 1367 173 1421 nostra
204 1381 331 1445 quoque
362 1360 475 1444 patria,
507 1358 548 1422 ad
578 1379 674 1445 quam
703 1359 911 1444 suspiramus,
945 1372 976 1423 et
1004 1359 1046 1424 ad
1101 1380 1176 1422 uam

62 1441 230 1525 tendimus,
252 1445 279 1506 si
300 1452 406 1508 tamen
427 1443 555 1529 pacifici
576 1464 695 1524 sumus,
718 1443 870 1529 quoniam
893 1441 1036 1508 caelestis
1093 1445 1174 1507 ieru-

63 1523 170 1607 salem,
194 1549 274 1612 quae
296 1538 344 1592 est
365 1538 467 1593 mater
481 1536 598 1608 nostra,
620 1526 701 1591 visio
716 1527 805 1612 pacis
827 1527 1061 1612 interpretatur,
1084 1530 1175 1591 cuius

62 1610 212 1674 terminos
234 1612 343 1696 posuit
363 1612 522 1675 Dominus
544 1633 667 1696 pacem,
690 1612 773 1674 sicut
793 1632 851 1696 per
872 1610 1070 1695 psalmistam
1099 1612 1175 1677 dici·
1184 1635 1222 1678 rs.
1232 1637 1281 1688 ιιι,
1291 1635 1312 1676 e.

62 1703 130 1757 tur:
153 1697 247 1758 caiae
268 1698 486 1780 participatio
508 1699 578 1760 eius
599 1697 637 1759 in
658 1696 696 1761 id
710 1697 828 1780 ipsam,
850 1707 886 1759 ut
900 1694 1021 1760 scilicet
1043 1696 1176 1760 ecclesia

61 1776 135 1858 Dei,
159 1799 241 1865 quae
263 1788 295 1844 et
317 1780 429 1844 civitas
449 1780 523 1860 Dei,
546 1800 645 1842 unum
668 1799 783 1863 corpus
806 1779 847 1842 sit
869 1800 942 1842 cum
960 1779 1097 1861 Christo,
1120 1782 1177 1866 qui

59 1860 94 1923 id
124 1862 231 1948 ipsum
260 1872 317 1944 est,
347 1863 433 1948 quod
463 1861 664 1928 aeternaliter
690 1871 746 1943 est,
774 1861 814 1926 de
845 1883 907 1947 quo
929 1863 1035 1948 Moysi
1056 1863 1176 1928 dictum

62 1955 126 2009 est:
154 1947 228 2032 Epo
249 1970 322 2011 sam
344 1950 401 2032 qai
423 1970 502 2011 sam.
547 1946 613 2011 Sed
640 1945 853 2026 Hierusalem,
885 1967 967 2031 quae
988 1946 1177 2012 aedificatur
1186 1969 1328 2022 nxoaau.

61 2037 99 2092 ut
130 2031 252 2111 civitas,
281 2031 372 2094 cuius
399 2031 601 2116 participatio
630 2031 698 2094 eius
726 2029 761 2092 in
782 2029 816 2092 id
838 2031 954 2176 ipsum,
977 2033 1117 2096 continet
1143 2031 1177 2094 in

62 2112 272 2177 fundamento
286 2113 426 2198 lapidem
441 2136 601 2178 summum
616 2111 810 2198 angularem,
826 2135 843 2176 e
856 2122 972 2195 ectum,
990 2116 1176 2199 pretiosum,

64 2197 126 2260 hoc
153 2209 201 2262 est
224 2197 398 2280 Christum,
428 2209 463 2264 ut
488 2209 517 2262 et
542 2201 611 2345 ipsi
637 2208 795 2283 tanquam
824 2197 954 2281 lapides
975 2200 1043 2264 vici
1065 2221 1336 2285 superteneat.

64 2282 283 2364 aedificemini
304 2284 416 2347 domas
438 2285 560 2367 spirita
573 2305 605 2346 es
626 2285 663 2346 in
678 2283 895 2346 sacerdotium
917 2291 1074 2365 sanctam,
1096 2285 1178 2349 sicut

63 2366 181 2430 dicitur
208 2388 266 2451 per
293 2366 421 2430 beatum
451 2369 591 2449 Petrum,
623 2367 791 2452 quoniam:
837 2367 904 2447 Vos,
933 2367 1046 2452 inquit,
1075 2391 1247 2455 penurias.

63 2450 204 2531 electam,
236 2474 270 2514 re
295 2451 344 2515 ale
377 2452 604 2516 sacerdotium.
649 2449 678 2514 Ο
712 2460 830 2536 quanta
860 2449 1042 2515 Conditoris
1077 2452 1176 2516 nostri

62 2534 177 2620 gratia,
198 2545 234 2598 ut
254 2474 415 2620 idipsum
444 2535 529 2620 quod
555 2536 626 2621 ipse
651 2544 699 2599 est
721 2538 754 2597 in
775 2534 846 2619 ipsa
869 2556 996 2620 quoque
1018 2537 1058 2599 sit
1079 2534 1176 2600 eccle·

63 2622 121 2701 sia,
144 2618 209 2703 qui,
232 2639 303 2681 cum
320 2619 362 2682 sit
379 2641 438 2683 rex
459 2628 490 2683 et
504 2619 662 2700 sacerdos,
685 2619 784 2682 immo
805 2640 866 2682 rex
887 2641 1000 2703 regum
1021 2629 1052 2684 et
1074 2642 1176 2684 sacer-

63 2705 123 2768 dos
149 2701 360 2783 sacerdotum,
390 2705 500 2767 statuit
528 2703 680 2768 ccclesiae
709 2702 891 2766 domesticis
918 2702 1011 2767 huius
1034 2704 1176 2768 donativi

63 2786 278 2874 privilegium,
295 2796 330 2851 ut
345 2786 408 2852 sint
422 2785 529 2872 regale
544 2787 767 2852 sacerdotium.
795 2787 867 2850 Hoc
879 2794 1003 2850 tantum
1017 2797 1177 2852 merentur

63 2872 201 2957 pacifici,
230 2871 286 2956 qui
313 2880 385 2934 sunt
412 2873 579 2936 unanimes
608 2873 642 2935 in
668 2868 804 2947 ecclesia
830 2869 958 2953 Christi,
986 2873 1019 2933 in
1048 2873 1176 2938 civitate

63 2956 138 3037 Dei,
166 2977 239 3019 curn
265 2953 387 3041 absque
410 2956 496 3019 omni
518 2955 788 3019 contradictioneb
815 2956 995 3039 pertincant
1015 2955 1177 3020 discordes

63 3039 107 3103 ad
129 3041 291 3104 civitatem
310 3036 438 3118 diaboli,
459 3060 518 3103 nec
539 3040 729 3124 resipiscant
749 3061 769 3101 a
786 3036 909 3123 laqueis
922 3038 1050 3121 diaboli,
1071 3062 1091 3103 a
1113 3061 1176 3126 quo

63 3134 213 3188 tenentur
233 3125 362 3208 captivi.
402 3123 454 3188 De
477 3123 587 3188 ordine
608 3132 715 3188 autem
737 3124 837 3208 pacis,
860 3143 941 3208 quae
963 3134 1011 3188 est
1033 3123 1178 3188 ordinata

65 3207 238 3272 concordia
265 3207 442 3288 hominum,
471 3205 608 3293 plurima
634 3207 745 3272 scribit
766 3216 895 3271 sanctus
918 3207 1118 3292 Augustinus
1143 3210 1176 3271 in

65 3291 116 3355 19.
133 3291 215 3357 libro
237 3291 427 3356 decivitate
451 3292 524 3374 Dei,
546 3292 630 3357 unde
652 3291 730 3355 haec
752 3312 864 3376 pauca,
888 3313 970 3377 quae
992 3303 1177 3378 sequuntur,

63 3377 284 3461 excerpsimus
306 3398 364 3460 pro
386 3374 521 3441 utilitate
542 3376 718 3461 praesentis
740 3374 895 3460 opusculi.

150 3466 259 3517 Omnis²
277 3465 359 3534 ipitar
377 3483 441 3516 usus
460 3483 549 3518 reram
573 3466 755 3532 temporalium
774 3466 890 3532 refertar
914 3466 950 3517 cd
961 3466 1083 3531 fractam
1098 3465 1176 3531 pacis

64 3546 185 3591 terrenae
203 3541 231 3589 in
247 3547 352 3590 terrena
370 3538 483 3602 civitate,
501 3538 647 3590 incoelesti
662 3538 993 3605 autemeioitateresertnr
1012 3540 1048 3589 ad
1055 3541 1176 3606 fractam

59 3614 139 3678 pacis
159 3623 288 3664 aeternae.
318 3611 472 3673 Ωιιιιιιιιίιιι3
492 3611 560 3663 enim
574 3611 723 3677 permistae
742 3618 803 3663 sant
822 3613 913 3662 ambae
933 3613 1058 3675 ciuitates,
1078 3610 1177 3661 utimar

65 3695 89 3737 et
107 3704 155 3736 nos
169 3704 239 3751 pace
257 3686 413 3752 Babylonis,
433 3703 465 3736 ex
483 3703 537 3751 qua
555 3687 594 3735 ita
607 3702 660 3751 per
671 3686 755 3752 fldem
769 3687 887 3751 populas
906 3684 959 3734 Dei
984 3685 1120 3746 liberatur,
1147 3692 1177 3734 nt

64 3761 139 3824 apud
168 3760 236 3810 dane
260 3759 364 3810 interim
384 3760 583 3826 pereqmnetar3
602 3768 714 3824 propter
738 3761 808 3824 qaod
833 3768 856 3809 et
881 3758 1015 3823 apostolas
1039 3756 1176 3807 admonuit
1188 3761 1337 3812 armata.

64 3832 208 3895 eeclesiam,
227 3841 257 3883 nt
276 3839 362 3883 oraret
376 3849 430 3897 pro
447 3832 553 3901 regibus
573 3833 628 3883 eins
648 3841 725 3898 atque
742 3829 903 3893 sablimitas,
924 3831 1025 3881 addens
1041 3837 1065 3881 et
1077 3828 1175 3890 dicens,

64 3914 93 3955 at
113 3906 227 3972 quietam
251 3914 276 3957 et
300 3905 472 3971 tranquillam
498 3922 607 3972 cyamus
632 3904 711 3955 citam
736 3922 794 3956 cam
814 3903 884 3954 omni
896 3903 997 3968 pictate
1017 3909 1040 3953 et
1059 3903 1175 3954 caritate.

64 4097 88 4149 a)
105 4107 185 4137 omnes
201 4108 221 4138 a.
236 4109 258 4147 q.
272 4110 294 4138 n.
309 4100 452 4139 contendunt
466 4110 490 4148 p.
505 4098 609 4138 amicitie
625 4096 703 4139 Anast.
748 4093 772 4146 b)
790 4096 946 4136 confractione
956 4096 983 4144 13
998 4095 1078 4136 emend.
1087 4093 1175 4134 Satara.

64 4255 91 4323 1)
110 4258 190 4382 {plici
208 4259 225 4311 l.
247 4275 270 4309 c.
289 4277 316 4326 p.
336 4258 398 4309 618.
473 4257 501 4322 2)
521 4258 664 4323 Augustini
683 4271 764 4321 opera
783 4255 846 4315 VII,
866 4272 891 4321 p.
908 4253 970 4305 558.
1057 4251 1086 4319 3)
1106 4251 1176 4303 Ibid.

62 4350 88 4398 p.
165 4369 171 4384 .
