2812 4830
200 384 297 437 XVIII
659 381 874 434 PRAEFATIO.

224 575 271 616 ua
300 552 339 615 de
369 572 474 615 causa
502 552 591 636 reqis
613 560 641 614 et
657 552 852 636 principum
875 549 1065 614 decerneret.
1113 547 1193 614 Cum
1216 559 1327 613 autem

203 575 354 701 bacones
374 643 558 715 metuerent,
580 657 621 698 ne
642 636 679 698 in
701 634 758 698 illo
774 643 931 698 conuentu
953 632 1093 697 consilia
1116 642 1326 716 caperentur,

203 719 322 805 quibus
351 739 426 802 opes
448 720 589 783 Henrici
616 719 754 782 nimium
782 725 967 798 crescerent,
991 739 1091 801 papa
1118 726 1249 780 coaetus
1279 727 1328 780 est

205 812 406 868 conatusne
428 802 590 866 desistere.
633 803 748 887 Itaque
770 802 809 866 de
830 803 957 886 inteqro
983 805 1069 864 inter
1091 801 1273 864 Henrieum
1296 811 1325 866 et

205 885 356 952 Senones
383 885 499 950 bellum
526 895 674 950 emortum.
699 894 728 950 et
756 888 918 969 utrimque
945 884 991 948 ad
1013 907 1108 948 arma
1129 906 1326 948 coneursum

204 981 259 1035 est.
303 971 405 1035 Brevi
427 979 533 1034 autem
556 968 716 1049 Senones,
745 969 848 1033 dubia
864 969 1014 1053 fortuna
1041 968 1114 1032 belli
1132 968 1323 1052 populatio·

204 1077 283 1118 num
306 1054 402 1139 pleni
424 1053 553 1211 dgessi,
576 1054 614 1118 de
636 1055 737 1138 pacis
764 1053 1006 1117 conditionibus
1035 1075 1108 1117 cam
1129 1074 1204 1138 reae
1226 1075 1326 1137 acere

204 1146 387 1222 coeperant.
475 1161 537 1202 uae
567 1159 640 1223 pau
673 1137 761 1223 quod
795 1138 973 1220 composita
1010 1145 1088 1200 esset
1145 1159 1324 1221 uamquam

198 1244 298 1307 papa
332 1243 430 1308 66966
463 1222 546 1300 tulit,
580 1223 775 1306 animusque
807 1223 877 1285 eius
908 1221 983 1285 odio
1018 1159 1255 1285 incendebatur
1286 1223 1326 1284 in

203 1328 320 1392 reqem,
347 1327 383 1369 eo
434 1308 499 1370 uod
527 1306 629 1392 legati
657 1307 694 1368 in
723 1305 846 1391 synodo
870 1311 885 1387 (
890 1304 938 1369 11.
961 1304 1052 1368 Febr.
1077 1305 1176 1385 1079)
1200 1304 1239 1367 de
1269 1306 1322 1368 in-

203 1391 303 1454 iuriis
325 1329 556 1473 querebantur,
579 1412 662 1474 quae
682 1390 797 1452 amicis
810 1410 923 1472 papae
944 1390 982 1453 in
998 1386 1178 1452 Germania
1201 1386 1327 1450 allatae

204 1482 317 1552 essent,
350 1481 379 1536 et
411 1495 609 1558 quamquam
641 1482 718 1536 tune
747 1475 900 1556 temporis
928 1472 1080 1536 uoluntas
1110 1495 1150 1536 ae
1177 1471 1326 1536 studium

204 1558 275 1622 eius
298 1557 343 1620 ad
357 1556 539 1641 liudolfum
560 1578 668 1642 reqem
690 1556 882 1635 inclinabat,
904 1565 1010 1620 tamen
1032 1579 1099 1620 nan
1114 1556 1235 1620 destitit
1251 1579 1324 1620 eum

204 1641 349 1704 Hearieo
385 1663 481 1727 aqere
514 1642 553 1704 de
586 1650 744 1705 conventu
777 1643 813 1704 in
851 1638 1032 1704 Germania
1065 1640 1230 1721 babendo,·
1265 1663 1325 1703 nee

205 1723 341 1788 dubium
367 1734 423 1806 est,
451 1726 541 1810 quire,
570 1728 601 1790 si
628 1736 761 1810 aterque
784 1746 843 1787 rece
865 1725 1001 1789 decretis
1023 1724 1113 1789 illius
1135 1723 1268 1788 concilii
1290 1747 1325 1786 se

203 1807 435 1887 subinnuisset,
459 1831 511 1892 pa
537 1832 559 1872 a
587 1817 686 1873 totam
710 1807 924 1873 Germaniam
952 1811 989 1873 in
1019 1810 1085 1873 cluo
1107 1830 1213 1894 reqna
1236 1808 1322 1872 diui-

204 1913 304 1955 surus
320 1892 447 1979 fuerit.
518 1917 572 1958 um
605 1903 713 1958 autem
745 1895 842 1957 etiam
875 1894 905 1956 is
937 1902 1121 1973 conuentus,
1159 1915 1251 1976 quem
1285 1894 1324 1955 in

192 1977 328 2061 uppido
356 1976 541 2064 Wirziburq
567 1979 626 2063 aqi
649 2000 749 2063 papa
777 1977 934 2059 uoluerat,
961 1977 1007 2040 ad
1027 1978 1161 2041 irritum
1183 1976 1325 2054 caderet,

204 2060 242 2125 id
281 2060 369 2144 quod
413 2061 515 2148 lequti
551 2084 667 2147 papae
712 2062 800 2126 alius
844 2064 925 2127 uitio
966 2062 1055 2146 reqis
1095 2059 1183 2124 alius
1223 2060 1326 2144 eulpa

205 2142 378 2209 Senonum
395 2144 531 2229 factum
557 2168 623 2210 esse
648 2146 810 2225 dicebant,
832 2167 932 2230 papa
953 2142 1121 2225 intellexit,
1151 2145 1182 2207 si
1203 2167 1243 2208 eu
1265 2146 1324 2207 uia

193 2229 370 2292 ,insidiosa
399 2237 427 2293 et
457 2231 598 2314 ancipiti
622 2238 780 2315 perqeret,
809 2252 843 2292 se
871 2233 961 2293 omni
990 2229 1195 2309 auctoritate,
1224 2250 1326 2313 quam

205 2313 299 2397 apud
315 2311 497 2377 Germanos
519 2335 617 2397 usque
637 2323 715 2377 tune
737 2313 912 2392 habuisset,
935 2314 1118 2378 destitutum
1130 2311 1221 2397 fore.
1255 2311 1324 2376 Ita-

205 2418 266 2480 que
291 2417 379 2476 eum,
408 2418 483 2481 6696
511 2396 656 2461 Henrico
683 2398 776 2482 apud
802 2395 1012 2461 Flarebleeim
1045 2398 1143 2476 victa,
1171 2395 1325 2460 Senones

201 2500 318 2563 papae
340 2481 471 2564 eiusque
494 2479 604 2544 doloso
622 2481 700 2544 anei
724 2485 825 2564 itique
848 2482 942 2546 modo
962 2482 1086 2567 aqendi
1103 2502 1209 2544 omnes
1231 2483 1325 2544 mise-

205 2564 277 2626 rias
299 2561 372 2626 belli
393 2573 423 2626 et
444 2564 629 2629 discordiae
651 2503 838 2647 tribuerent,
860 2565 914 2630 ille
935 2573 1066 2630 coaetus
1090 2573 1148 2628 aut
1170 2565 1215 2628 ad
1236 2566 1326 2649 reqr's

207 2655 266 2709 aut
281 2645 327 2709 ad
337 2645 511 2712 Senonum
522 2671 658 2712 causam
672 2671 705 2712 se
717 2649 900 2734 applicare,
906 2673 975 2735 pro
991 2672 1101 2713 reram
1112 2657 1199 2713 statu
1205 2658 1326 2731 partes

206 2728 381 2794 Senonum
401 2734 493 2879 segni
514 2733 667 2798 decrevit..
715 2731 785 2807 Quo
798 2734 915 2816 facto,
933 2735 972 2798 de
994 2735 1120 2819 inte9r0
1145 2733 1326 2796 Henricum

207 2813 254 2896 (7.
270 2815 368 2877 Mart.
389 2815 430 2878 10
450 2816 471 2879 0
470 2819 488 2897 )
509 2818 805 2899 anathematizavit,
825 2819 920 2882 cuius
946 2818 1164 2881 anathematis
1189 2817 1325 2880 initium

206 2907 329 2981 spectat
338 2895 424 2963 illud
431 2901 518 2984 quod
527 2901 676 2965 terete.
685 2903 776 2966 1076.
790 2901 912 2966 dietum
922 2911 1021 2965 erat1.
1046 2902 1119 2965 Iam
1131 2923 1220 2964 anno
1231 2899 1324 2964 1076.

202 3003 318 3065 papae
333 2987 514 3070 punicani
527 2987 696 3068 intererat,
715 2988 752 3050 in
769 2987 911 3050 instanti
928 3008 1051 3072 puqna
1072 3007 1138 3048 non
1161 2984 1265 3047 solum
1286 2987 1324 3048 in

206 3064 308 3130 Italia
319 3069 424 3132 socies
436 3070 563 3150 babere,
579 3071 636 3135 sed
650 3071 776 3135 studuit
790 3072 889 3134 etiam
902 3068 1099 3135 Germaniae
1114 3070 1285 3153 episcopos
1298 3078 1327 3130 et

201 3151 320 3234 princi
344 3175 377 3217 es
387 3153 450 3218 sibi
460 3153 645 3220 conciliare.
667 3155 908 3240 Eteontiyitei,
924 3155 1011 3239 quod
1023 3161 1201 3236 optauerat.
1223 3152 1325 3233 Nam,

206 3258 278 3299 eum
299 3173 449 3302 66666666
472 3239 638 3319 audirent,
659 3259 694 3301 re
718 3261 766 3302 em
788 3238 893 3302 denuo
916 3237 1225 3302 anathematizatum
1248 3259 1326 3317 esse,

205 3322 347 3384 manime
368 3323 649 3405 permanebantur.
693 3261 765 3384 lam
789 3323 834 3385 ad
856 3320 939 3386 alios
963 3322 1144 3406 Greqerius
1165 3323 1236 3404 ipse
1259 3324 1327 3404 epi-

206 3403 311 3468 stulas
328 3405 426 3485 dedit,
445 3414 474 3468 et
490 3428 511 3469 a
526 3429 541 3469 s
565 3405 651 3469 nodo
667 3407 795 3469 nuntiis
809 3408 920 3471 missis
933 3408 979 3472 ad
995 3405 1139 3470 Udonem
1152 3407 1325 3468 Treueren-

149 3548 152 3559 ἦ
197 3509 281 3568 sem,
295 3489 525 3553 Theodericum
541 3429 783 3571 llirdunensem,
806 3491 1046 3555 Herimannum
1069 3489 1250 3569 Meteusem,
1273 3511 1327 3553 eas

203 3580 361 3655 precatus
382 3581 437 3652 est,
460 3581 496 3635 ut
516 3573 662 3637 redirent
682 3575 720 3638 in
741 3573 937 3639 ecelesiam².
976 3575 1066 3638 Tune
1088 3573 1327 3655 Herimannus,

209 3657 330 3739 quippe
353 3659 411 3740 qui
426 3657 495 3719 iam
516 3657 711 3722 Wormatiae
730 3664 746 3741 (
748 3658 798 3722 24.
815 3660 889 3722 Ian.
906 3658 989 3724 1076
989 3662 1006 3738 )
1030 3661 1131 3721 ansele
1146 3657 1329 3721 dubitasset

207 3741 239 3802 ei
252 3740 376 3804 decreto
391 3743 555 3822 assentiri,
578 3763 640 3827 quo
656 3741 905 3807 Hildebrandas
921 3746 1032 3808 iussus
1048 3750 1120 3805 erat
1127 3743 1329 3825 pontificatu

208 3844 241 3886 se
262 3822 418 3888 abdicare
426 3833 450 3904 ³,
465 3824 581 3891 litteris
597 3829 747 3910 acceptis,
761 3828 995 3912 infestissimus
1009 3827 1097 3911 reqis
1113 3827 1330 3890 aduersarius

208 3908 340 3970 sustitit.
380 3907 468 3972 Aliis
494 3912 657 3994 episcopis
678 3909 877 3975 Germaniae
902 3912 987 3977 diem
1009 3909 1215 3974 uinculorum
1236 3909 1330 3975 Petri

208 3997 224 4074 (
228 3993 256 4055 1.
279 3991 334 4055 Au
359 3995 385 4072 .)
417 3997 584 4059 constituit
614 3992 806 4081 Greqorius,
835 4017 936 4079 usque
966 3996 1012 4058 ad
1037 4016 1135 4078 quam
1162 3991 1253 4055 uellet
1274 3995 1329 4060 illi

208 4076 271 4141 sibi
307 4015 535 4163 adiunqerent.
585 4078 652 4143 Sed
685 4103 757 4144 eum
793 4102 860 4143 nan
893 4081 1041 4144 omnibus
1068 4086 1182 4162 posset
1213 4079 1328 4142 iniun-

207 4181 283 4245 9ere
311 4163 494 4225 seruitutem
523 4173 552 4226 et
579 4163 823 4245 oboedientiam,
856 4163 1029 4249 epistulam
1054 4162 1147 4227 illam
1173 4162 1329 4246 scripsit:

210 4335 235 4399 1)
261 4332 332 4386 aare
352 4335 389 4399 11,
408 4351 434 4402 p.
454 4334 516 4387 666.
539 4336 601 4388 666.
677 4335 707 4402 6)
732 4336 803 4388 nie.
823 4354 850 4405 p.
871 4337 934 4389 666.
1010 4339 1038 4403 6)
1058 4338 1129 4388 nn.
1150 4352 1177 4403 p.
1197 4337 1262 4388 466.
