2812 4830
234 343 268 391 28
416 342 465 392 DE
486 339 644 392 UNITATE
664 339 867 391 ECCLESIAE
889 339 1164 392 CONSERVANDA.

73 508 286 567 terem.sr,r.1,v,1
306 516 438 582 propbeta
455 514 623 576 Hieremias,
643 531 702 564 cum
717 515 819 578 populo
839 513 893 564 Dei
921 513 1003 564 veteri
1023 514 1235 578 praenuntiaret
1255 514 1355 579 captivi

118 567 185 609 ⁸¹¹⁷·
232 598 311 641 tatem
339 594 362 640 et
387 588 514 639 divinitus
539 589 688 652 imperaret,
714 594 743 638 ut
767 588 915 638 obedienter
940 588 1007 637 irent
1032 588 1061 637 in
1084 587 1268 652 Babyloniam
1295 586 1351 640 Deo

233 680 280 714 suo
300 662 378 714 etiam
396 662 449 712 ista
466 661 596 726 patientia
614 660 764 723 servientes,
782 659 882 712 monuit
901 659 1008 725 etipse,
1034 666 1063 709 ut
1081 669 1205 711 oraretur
1220 678 1276 726 pro
1297 662 1351 726 illu,

72 745 224 797 lerem.2s,‘1.
234 735 332 798 dicem,
352 733 431 800 quia:
450 734 484 784 ln
498 734 553 784 eius
568 749 635 799 pace
649 742 685 784 est
700 749 759 798 pau
773 743 869 796 vestra,
882 731 970 798 utique
983 734 1088 784 interim
1101 734 1265 798 temporalis,
1286 751 1352 800 quac

233 807 306 861 bonis
329 807 457 873 malisque
482 807 656 857 conveniensa
676 815 720 858 est.
758 806 837 856 Pau²
861 813 947 857 autem
970 813 1061 857 nostra
1075 807 1180 871 patria,
1200 814 1226 857 et
1253 807 1297 859 liic
1317 816 1351 859 est

233 900 291 934 cum
310 881 367 932 Deo
394 898 445 946 per
462 881 553 947 fidem,
580 888 604 931 et
627 879 656 930 in
676 885 810 930 aeternum
829 880 877 930 erit
896 896 954 930 cum
972 880 1018 930 illo
1032 897 1085 944 per
1103 880 1223 944 speeiem.
1265 880 1351 947 Iqitur

234 955 359 1006 terrena³
380 953 481 1016 civitae,
507 970 574 1020 quae
593 971 646 1004 non
666 951 730 1003 vivit
749 969 781 1003 eu
797 953 863 1017 fide,
888 959 1019 1003 terrenam
1040 969 1133 1018 pacem
1159 953 1273 1018 appetit,
1300 971 1350 1020 qua

233 1027 320 1094 defiqit
344 1027 493 1092 imperandi
518 1026 706 1091 obediendique
731 1026 897 1077 concordiam
921 1026 1026 1088 civium,
1052 1032 1080 1076 ut
1106 1027 1140 1076 sit
1164 1026 1199 1077 iis
1220 1027 1349 1079 derebus

233 1102 270 1152 ad
282 1101 416 1152 mortalem
434 1098 516 1150 vitam
529 1100 724 1164 pertinentibus
743 1099 921 1149 bumanorum
939 1100 1070 1164 quaedam
1087 1099 1240 1165 compositio
1261 1103 1349 1151 volun·

232 1183 324 1226 tatum.
363 1171 461 1223 Civitas
480 1181 567 1223 autem
586 1171 711 1235 caelestis,
730 1189 798 1238 quae
817 1173 846 1222 in
864 1172 914 1222 bac
935 1173 1094 1223 mortalitate
1108 1174 1305 1239 pereqrinatur
1329 1182 1349 1225 et

232 1246 298 1299 uiuit
322 1264 354 1299 eu
366 1247 431 1312 fide,
456 1246 535 1296 etiam
555 1247 608 1295 ista
626 1262 695 1311 pace
717 1262 819 1296 necesse
845 1253 883 1296 est
908 1253 1008 1308 ututur,
1032 1246 1113 1296 donec
1130 1245 1201 1311 ipsa,
1223 1246 1271 1298 cui
1292 1248 1349 1298 talis

228 1337 288 1386 pan
306 1319 458 1372 necessaria
473 1327 519 1382 est,
538 1319 685 1370 mortalitas
705 1326 832 1370 transeat.
860 1317 899 1369 Ac
913 1336 965 1384 per
980 1319 1027 1369 boc
1046 1320 1109 1370 dum
1129 1320 1205 1384 apud
1218 1326 1349 1372 terrenam

233 1393 362 1445 civitatem
382 1394 452 1443 velut
471 1393 577 1457 captiva
596 1390 677 1443 vitam
697 1409 761 1443 suae
775 1391 999 1458 peregrinationis
1019 1393 1081 1459 aqit,
1100 1393 1155 1442 iam
1169 1392 1348 1457 promissione

233 1466 419 1531 redemptionis
439 1471 462 1515 et
480 1465 549 1516 dono
569 1464 686 1530 spiritali
704 1473 831 1530 tanquam
845 1464 957 1532 piqnore
977 1474 1089 1531 accepto,
1110 1466 1211 1532 leqibus
1231 1476 1349 1519 terrenae

235 1538 358 1601 civitatis,
383 1538 478 1604 quibus
502 1538 566 1588 baec
590 1537 819 1600 administrantur,
845 1555 914 1603 quae
940 1540 1128 1591 sustentandae
1153 1541 1266 1591 mortali
1283 1541 1348 1593 vitae

234 1611 429 1663 accommodata
454 1620 523 1674 sient,
543 1611 719 1676 obtemperare
737 1611 922 1674 non'dubitat,
946 1620 983 1674 ut,
1003 1613 1129 1677 quoniam
1148 1613 1298 1664 communis
1316 1620 1348 1665 est

234 1685 295 1751 ipsa
312 1683 467 1746 mortalitas,
494 1691 612 1736 servetur
629 1684 658 1735 in
677 1685 755 1736 rebus
775 1685 812 1734 ad
831 1702 887 1735 eam
902 1685 1095 1750 pertinentibus
1120 1686 1191 1736 inter
1210 1693 1348 1752 utramque

235 1759 364 1810 civitatem
383 1758 531 1809 concordia.

320 1825 362 1889 Et
387 1825 482 1910 longe
509 1847 607 1924 supra
632 1825 666 1888 in
691 1824 774 1888 libro
804 1837 917 1911 quarto
946 1824 986 1891 de
1014 1826 1143 1890 civitate
1169 1826 1238 1890 Dei
1266 1827 1348 1892 idem

234 1911 433 1994 Augustinus
460 1909 571 1974 scribit
581 1919 605 1992 ⁴,
636 1930 897 1991 commemorem,
925 1908 1060 1996 qualiter
1086 1910 1176 1974 Deus
1205 1919 1349 1975 terrenae

235 2015 361 2080 quoque
389 1994 526 2058 civitatis
548 2016 683 2078 reguum
712 1993 863 2077 disponit.
906 2009 988 2074 Deus,
1013 1994 1126 2079 inquit,
1151 2009 1195 2060 tlte
1208 2009 1348 2076 felicitatis

235 2092 327 2135 auctor
351 2093 375 2136 et
400 2085 487 2147 dator,
512 2082 577 2148 quia
602 2085 672 2134 solus
698 2092 735 2134 est
754 2100 832 2134 verus
850 2083 934 2146 Deus,
953 2083 1009 2148 ipse
1029 2084 1076 2134 dat
1095 2101 1179 2150 reqna
1199 2092 1311 2136 terrena
1328 2091 1349 2134 ct

234 2155 308 2208 bouis
332 2164 356 2208 et
379 2158 465 2220 malis,
492 2174 575 2221 neque
599 2157 646 2207 boc
665 2166 757 2208 temere
776 2165 799 2208 et
817 2156 896 2222 quasi
907 2157 1030 2223 fortuito,
1054 2158 1120 2222 quia
1138 2156 1216 2207 Deus
1237 2165 1275 2208 est
1299 2173 1348 2208 non

227 2231 351 2296 fortuna,
372 2231 418 2281 sed
432 2247 484 2294 pro
503 2246 591 2280 rerum
611 2236 634 2280 et
652 2237 796 2294 temporum
815 2231 906 2281 ordine
926 2231 1024 2281 occulto
1036 2229 1120 2293 nobis,
1139 2230 1279 2281 notissimo
1294 2227 1348 2292 sibi,

235 2304 279 2354 cui
298 2311 384 2354 tumen
408 2302 497 2354 ordini
521 2309 664 2368 temporum
682 2320 736 2352 non
755 2303 875 2352 subditus
895 2302 982 2366 servit,
1002 2304 1049 2354 sed
1068 2303 1201 2368 cumipse
1223 2312 1348 2368 tanquam

235 2374 358 2428 domimus
371 2377 437 2442 reqit
448 2376 646 2439 moderatorque
659 2375 783 2440 disponit.
809 2375 973 2427 Felicitatem
984 2393 1045 2428 vero
1065 2394 1118 2426 non
1131 2377 1179 2426 dat
1192 2375 1249 2427 nisi
1261 2376 1348 2437 bonis,'

235 2450 304 2500 banc
330 2447 399 2499 enim
418 2457 530 2512 possunt
554 2457 577 2498 et
601 2465 655 2498 non
679 2448 774 2500 babere
799 2455 822 2499 et
840 2449 936 2500 babere
953 2449 1102 2511 servientes,
1118 2458 1236 2515 possunt
1256 2459 1280 2500 et
1298 2465 1349 2500 non

234 2521 330 2572 babere
355 2530 378 2572 et
403 2516 534 2587 reqnareb
561 2527 708 2587 reqnantes,
734 2538 802 2587 quae
826 2530 913 2573 tamen
933 2524 1018 2587 plena
1042 2524 1071 2573 iu
1095 2539 1126 2574 ea
1149 2522 1206 2573 vita
1227 2523 1285 2585 erit,
1306 2521 1349 2572 ubi

234 2612 309 2645 nemo
334 2595 389 2645 iam
414 2593 508 2645 serviet
532 2593 589 2645 ulli.
627 2595 663 2645 Et
686 2596 745 2646 ideo
767 2613 851 2662 reqna
870 2604 973 2646 terrena
993 2605 1017 2647 et
1036 2595 1110 2647 bonis
1130 2596 1162 2646 ab
1182 2597 1228 2646 illo
1249 2596 1349 2647 dantur

234 2675 259 2719 et
277 2666 362 2730 malis,
381 2684 414 2718 nc
434 2667 489 2718 eius
509 2668 619 2718 cultores
639 2669 726 2719 adbuc
739 2667 851 2734 parvuli
869 2668 898 2719 in
912 2678 1040 2734 provectu
1064 2669 1146 2720 animi
1171 2669 1241 2721 baec
1268 2669 1302 2719 ab
1321 2684 1348 2719 eo

233 2757 345 2792 munera
368 2740 446 2805 quasi
470 2757 595 2807 maqnum
621 2740 724 2806 aliquid
747 2742 939 2807 concupiscant.
976 2744 1012 2794 Et
1031 2743 1078 2794 boc
1097 2752 1133 2793 est
1151 2751 1349 2793 sacramentum

241 2812 339 2864 Veteris
357 2813 520 2876 Testamenti,
539 2812 585 2866 ubi
598 2816 725 2865 occultum
738 2824 795 2866 erat
812 2832 918 2878 novrum,
938 2817 1008 2880 quod
1021 2815 1075 2866 illic
1082 2815 1219 2881 promissa
1240 2825 1265 2867 et
1278 2817 1347 2867 dona

234 2891 339 2937 terrena
351 2895 412 2938 sunt
424 2887 626 2954 intelliqentibus
646 2894 669 2939 et
687 2896 750 2939 tune
763 2887 936 2954 spiritalibus,
956 2890 1075 2954 quumvis
1088 2888 1206 2940 nondum
1219 2890 1250 2939 in
1263 2889 1348 2939 mani·

227 2959 372 3024 festatione
391 2960 620 3025 praedicantibus,
646 2971 669 3012 et
687 2979 755 3028 quae
774 2961 828 3013 illis
846 2962 1032 3028 temporalibus
1051 2963 1129 3014 rebus
1154 2961 1348 3029 siqnifiearetur

235 3030 385 3096 aeternitas,
405 3043 429 3085 et
447 3033 541 3100 quibus
560 3033 613 3086 Dei
632 3036 709 3087 donis
728 3044 792 3087 esset
811 3053 876 3086 vera
886 3036 1014 3101 felicitas.
1055 3035 1130 3096 Quae
1149 3053 1209 3086 cum
1228 3037 1270 3087 ita
1289 3036 1347 3099 sint,

233 3132 286 3166 non
300 3114 454 3181 tribuamus,
474 3103 609 3188 lnquit57
632 3119 717 3168 dandi
729 3117 804 3184 requi
823 3124 900 3182 atque
912 3116 1017 3182 imperii
1028 3127 1184 3182 potestatem
1202 3117 1278 3170 nisi⁰
1291 3117 1347 3169 Deo

233 3205 303 3251 vero,
322 3190 369 3254 qui
386 3192 433 3243 dat
443 3192 601 3257 felicitatem
620 3191 649 3241 in
666 3209 745 3258 rcqno
765 3192 897 3242 caelorum
915 3190 977 3242 solis
992 3192 1057 3256 piis,
1082 3207 1192 3258 reqnum
1215 3209 1279 3243 vero
1298 3199 1348 3242 ter·

232 3279 325 3314 renum
350 3272 374 3314 et
394 3266 450 3329 piis
476 3274 499 3316 et
522 3266 618 3331 impiis,
644 3264 710 3314 sicut
736 3263 759 3314 ei
779 3265 877 3329 placet,
903 3265 946 3314 cui
963 3265 1031 3316 nibil
1048 3264 1145 3316 iniuste
1159 3267 1260 3330 placet.
1299 3264 1347 3315 Ille

233 3336 301 3386 enim
329 3353 398 3387 ursus
427 3355 505 3388 verus
532 3339 615 3400 Deus,
643 3335 689 3400 qui
716 3354 762 3387 nec
789 3337 887 3388 iudicio
910 3354 957 3388 nec
983 3338 1114 3389 adiutorio
1140 3337 1237 3390 deserit
1265 3354 1346 3405 qenus

232 3409 385 3472 humanum,
405 3412 512 3474 quaudo
532 3409 615 3461 voluit
634 3415 658 3460 et
675 3419 803 3474 quantum
822 3411 911 3471 voluit,
930 3410 1057 3461 Romanis
1073 3428 1182 3477 reqnum
1201 3411 1285 3478 dedit,
1303 3411 1348 3476 qui

233 3481 312 3533 etiam
330 3483 403 3533 dedit
421 3483 510 3534 Persis
530 3490 553 3535 et
570 3481 696 3548 Assyriis.
733 3481 778 3534 Sic
796 3499 897 3549 quoque
915 3482 990 3535 Deus
1007 3501 1117 3550 reqnum
1142 3485 1218 3535 dedit
1236 3483 1345 3536 bomini·

234 3555 290 3617 bus,
311 3553 357 3620 qui
370 3555 459 3606 Mario
479 3553 557 3621 ipsed
577 3563 600 3607 et
619 3555 681 3607 Caio
696 3554 812 3620 (laesuri,
831 3556 877 3621 qui
889 3554 1008 3623 Augusto
1027 3553 1106 3622 ipsed
1125 3567 1149 3607 et
1170 3557 1283 3621 Neroni,
1303 3557 1347 3624 qui

240 3627 409 3693 Vespasianis
422 3634 445 3679 et
453 3628 530 3694 patri
542 3628 639 3696 etfilio,
659 3627 823 3680 suavissimis
835 3629 1045 3694 imperatoribus,
1064 3627 1141 3696 ipse(1
1155 3639 1179 3683 et
1191 3630 1346 3683 Domitiano

233 3700 420 3763 crudelissimo,
441 3708 464 3752 et
482 3720 515 3752 ne
530 3720 580 3768 per
593 3703 710 3768 sinqulos
725 3704 763 3755 ire
775 3719 878 3754 necesse
890 3702 931 3766 sit,
950 3705 997 3768 qui
1009 3702 1178 3755 Constantino
1192 3705 1347 3767 christiano,

232 3778 311 3846 tpsed
331 3791 466 3847 apostatae
485 3785 602 3836 Iuliano.
633 3770 677 3834 Et
697 3781 770 3857 post
790 3769 934 3856 aliquas:
958 3786 1049 3851 Neque
1069 3803 1129 3838 vero
1148 3804 1205 3850 nos,
1233 3773 1347 3858 inquit,

234 3853 390 3906 christianos
414 3859 543 3920 quosdam
567 3860 736 3923 imperatores
760 3861 818 3912 ideo
837 3858 933 3925 felices
959 3859 1078 3923 dicimus,
1104 3859 1169 3924 quia
1193 3870 1218 3912 et
1246 3862 1347 3913 diutius

234 4046 258 4099 a)
275 4048 402 4087 communis
417 4047 473 4099 Auq.
533 4049 556 4102 b)
572 4055 595 4091 et
611 4063 708 4100 regnare
723 4053 766 4094 des.
783 4052 840 4101 Aue.
902 4051 923 4104 c)
940 4063 986 4092 non
1004 4054 1023 4094 1.
1085 4050 1108 4102 d)
1124 4054 1170 4103 ipsi
1187 4055 1207 4096 l.

236 4215 264 4282 1)
294 4218 325 4268 L.
346 4233 369 4267 c.
397 4235 424 4283 p.
444 4218 506 4271 571.
608 4220 636 4285 2)
665 4221 742 4270 Haec
768 4220 832 4270 alibi
857 4237 979 4286 quaeras.
1081 4221 1110 4285 3)
1136 4223 1168 4271 L.
1189 4238 1212 4272 c.
1240 4240 1267 4289 p.
1288 4223 1350 4274 561.

234 4290 263 4354 4)
283 4291 315 4340 L.
328 4307 350 4342 c.
361 4293 423 4355 VII,
442 4311 467 4360 p.
481 4292 541 4344 112.
562 4293 661 4344 eills.
711 4292 741 4360 5)
760 4293 792 4344 L.
804 4310 826 4344 c.
838 4295 901 4358 VII,
921 4293 1020 4361 p.138.
1072 4298 1098 4354 6)
1119 4293 1225 4346 Ibidem
1246 4314 1274 4364 p.
1289 4298 1352 4348 141.
