2812 4830
250 415 301 466 Da
321 413 479 466 UNITATE
499 412 704 466 accensus
725 413 1000 466 CONSERVANDA.
1132 414 1186 464 115

68 581 257 647 hominibus
279 582 382 647 bonae
403 582 592 664 volontatis,
615 604 653 646 ea
677 582 799 669 quippe
820 591 886 647 tam
901 582 1016 647 festiva
1039 581 1187 646 solemni-

66 674 134 730 tate
166 663 354 751 angelorum
386 676 484 765 atque
515 664 681 730 hominum
712 667 816 732 factus
847 677 897 732 est
927 665 1031 731 luctus
1064 668 1189 751 ingens,

67 772 198 814 moeror
225 759 322 836 atque
350 751 480 815 tristitia
506 761 539 815 et
566 751 680 814 effusio
706 750 837 814 humani
861 751 1035 836 sanguinis,
1077 750 1189 814 Primo

68 835 202 922 quidem
223 835 346 919 impetu
366 834 497 920 fugatus
519 842 568 898 θεῖ
588 834 731 898 marchio
743 848 763 917 ¹,
792 833 849 899 sed
870 843 1048 900 restaurato
1073 834 1188 899 deinde

90 917 202 1001 raelio,
230 919 333 983 victor
359 919 465 982 victus
493 928 542 982 est
567 921 741 1017 imperator
763 918 872 984 divino
895 919 1035 1005 quodam
1056 919 1188 986 iudicio.

100 1024 155 1066 arn
179 1025 195 1066 θ
220 1003 349 1088 iscopos
372 1002 544 1084 Saxoniae,
573 1025 628 1090 qur
649 1003 757 1067 iudice
786 1003 922 1068 ecclesia
950 1013 1024 1067 sunt
1047 1003 1189 1068 damnati

66 1109 134 1152 non
164 1024 267 1151 solum
293 1091 327 1150 in
357 1088 614 1152 communionem
641 1097 815 1173 receperat,
845 1088 901 1152 sed
929 1097 960 1152 et
982 1088 1191 1173 episcopatus

67 1193 155 1251 suos,
177 1171 264 1236 unde
285 1171 411 1235 fuerant
432 1171 580 1257 depositi,
603 1172 651 1235 sin
677 1170 738 1235 ulis
760 1170 817 1235 abs
842 1194 883 1236 ue
901 1172 1019 1237 iudicio
1035 1171 1189 1235 ecclesiae

67 1254 270 1338 reddiderat,
298 1255 446 1342 ideoque,
477 1258 630 1342 quoniam
654 1194 769 1321 hostes
802 1193 922 1321 christi
958 1257 1014 1341 qui
1041 1264 1089 1319 est
1121 1278 1190 1341 pax

67 1338 226 1405 ecclesiae
247 1341 438 1438 permiserat
458 1340 634 1426 imperator
653 1340 693 1405 de
714 1338 849 1406 ecclesia
863 1340 1060 1425 triumphare
1070 1351 1092 1422 ²,
1114 1361 1192 1403 con·

67 1424 168 1488 cessit
189 1425 333 1488 vicissim
365 1423 511 1489 Christus
534 1426 701 1489 victoriam
729 1423 874 1489 hostibus
902 1425 948 1490 rei
969 1423 1129 1509 publicae,
1157 1434 1194 1489 et

66 1508 131 1572 hoc
151 1529 210 1593 pro
225 1507 395 1593 disciplina
416 1509 519 1593 magis
542 1507 716 1573 electorum
738 1531 868 1573 suorum
891 1530 987 1594 quam
1008 1530 1066 1594 pro
1087 1508 1190 1593 gloria

68 1614 181 1657 eorum
217 1593 273 1678 qui
305 1592 346 1656 ad
384 1592 548 1657 cumulum
577 1592 767 1679 perditionis
801 1614 877 1658 suae
909 1591 1092 1678 polluerunt
1123 1602 1189 1656 tam

68 1674 254 1741 crudelibus
284 1676 378 1748 factis
408 1676 493 1741 diem
521 1680 641 1762 pariter
667 1677 865 1741 dominicum
894 1687 991 1763 atque
1013 1677 1192 1741 nativitatis

67 1761 251 1827 dominicae
274 1771 543 1826 sacramentum³.
579 1761 692 1847 Neque
714 1762 799 1826 enim
822 1761 879 1824 diu
900 1763 986 1824 circa
1007 1760 1189 1844 Egbertum

67 1845 288 1909 marchionem
310 1844 388 1910 ultio
411 1845 520 1910 divina
547 1846 695 1927 cessavit,
723 1846 886 1931 quoniam,
913 1867 985 1908 cum
1007 1848 1078 1931 ipse
1100 1845 1189 1910 Hen-

67 1930 158 1995 richo
187 1928 279 1993 alteri
309 1930 474 1994 Saxonum
507 1930 684 1994 marchioni
716 1952 807 1993 arma
837 1928 1014 2012 intulisset,
1042 1927 1191 2013 plurimis

68 2035 201 2079 suorum
228 2015 355 2078 arnissis
383 2015 489 2078 victus
520 2014 559 2078 de
585 2014 706 2099 praelio
736 2013 874 2098 aufugit,
903 2034 941 2077 ao
970 2013 1086 2078 deinde
1114 2035 1189 2076 cum

67 2097 207 2163 fuissent
228 2118 342 2162 manus
365 2099 508 2162 omnium
530 2099 713 2184 principum
737 2099 899 2163 Saxoniae
922 2108 1033 2162 contra
1055 2119 1127 2161 eum
1157 2107 1190 2162 et

67 2204 185 2246 manus
215 2183 284 2246 eius
314 2191 425 2246 contra
454 2204 581 2265 omnes,
613 2191 774 2269 postremo
807 2180 1031 2246 miserabiliter
1064 2181 1192 2245 occisus

68 2275 128 2348 est,
158 2265 305 2352 proditus
337 2268 370 2330 in
404 2266 543 2352 quodam
573 2269 718 2352 tugurio,
746 2276 782 2330 ut
809 2288 874 2330 non
902 2266 1007 2330 dicam
1034 2265 1068 2329 id
1102 2265 1189 2351 quod

67 2351 179 2416 verius
212 2360 274 2430 est,
307 2353 340 2415 in
370 2350 592 2434 molendin043
624 2353 735 2437 sicque
765 2351 874 2436 regiae
906 2349 1082 2414 nobilitatis
1114 2349 1190 2414 ado-

67 2434 194 2500 lescens
224 2434 344 2501 bellum
372 2437 625 2519 consummavit,
654 2458 717 2524 quo
746 2457 882 2521 regnum
914 2435 976 2500 sibi
1002 2455 1190 2520 expugnare

68 2519 238 2607 quaesivit.

155 2605 207 2668 36.
250 2604 365 2666 Annus
402 2613 478 2668 tunc
509 2614 579 2669 erat
613 2604 655 2668 ab
688 2605 907 2669 incarnatione
935 2603 1069 2667 Domini
1098 2604 1190 2684 1090,

70 2686 200 2775 quando
231 2687 355 2751 occisus
383 2697 431 2752 est
460 2689 662 2773 supradictus
685 2688 827 2752 marchio
849 2687 1022 2774 Egbertus.
1065 2687 1190 2751 Eodem

69 2773 168 2837 etiam
190 2793 274 2835 anno
291 2770 460 2835 defunctus
482 2782 530 2836 est
543 2771 734 2836 Liudolfus³
755 2772 823 2837 dux
839 2770 1095 2853 (larentinorum,
1118 2794 1190 2835 curn

69 2865 102 2922 et
131 2855 202 2940 ipse
229 2864 395 2941 appeteret
420 2867 574 2942 regnum⁵
603 2865 712 2920 contra
733 2857 958 2941 imperatorem
979 2854 1190 2939 Henrichum,

68 2949 168 3026 atque
197 2939 335 3022 Bertolt,
361 2938 446 3004 filius
474 2939 604 3003 Rudolfi
631 2940 716 3024 regis
749 2939 912 3025 quondam
943 2938 1124 3021 Saxonum,
1157 2941 1190 3002 in

67 3024 141 3109 ipso
164 3024 340 3089 iuventutis
362 3046 439 3088 suae
454 3023 532 3088 flore
547 3023 716 3088 defunctus
731 3033 788 3105 est,
810 3033 843 3088 et
856 3023 935 3106 Hug
949 3024 1191 3108 potentissimus

69 3129 180 3173 comes
214 3107 363 3173 Alsaciae
403 3119 477 3193 post
509 3107 608 3172 multa
636 3106 777 3172 crudelia
809 3129 891 3190 quae
923 3107 1043 3170 fecerat
1078 3106 1129 3171 vel
1156 3109 1190 3170 in

69 3188 210 3256 ecclesia
231 3191 283 3256 vel
303 3194 336 3256 in
358 3215 393 3256 re
415 3191 547 3279 publica
569 3194 694 3256 occisus
717 3200 773 3256 est.
817 3191 869 3254 De
891 3189 1009 3254 talibus
1031 3191 1149 3256 dicitur
1170 3213 1190 3255 a

67 3277 214 3341 Domino
246 3299 304 3363 per
336 3275 527 3340 Zachariam
559 3276 750 3363 prophetam
782 3275 824 3339 ad
859 3273 1040 3339 Zorobabel
1072 3274 1189 3338 ducem

67 3360 170 3425 Iuda:
192 3360 269 3425 Non
291 3363 328 3425 ia
350 3365 493 3426 accercito
514 3385 572 3425 nec
593 3365 629 3426 in
647 3362 760 3426 robore
775 3359 947 3445 superabis
969 3361 1330 3444 adversarioazssss

67 3445 129 3510 aed
152 3447 190 3509 in
212 3447 334 3529 spiritu
355 3469 434 3525 meo,
455 3444 516 3510 hoo
539 3446 642 3509 estin
664 3444 885 3510 observatione
906 3442 987 3527 legis
1008 3444 1082 3526 Dei,
1108 3446 1190 3508 dicit

67 3529 235 3593 Dominus
262 3532 472 3594 caeercituum.
516 3530 592 3593 Fuit
619 3531 703 3594 enim
731 3531 905 3614 imperator
932 3538 1009 3592 tunc
1030 3530 1064 3591 in
1085 3527 1188 3611 Italia,

69 3611 201 3698 quando
223 3611 302 3678 haec
319 3615 405 3677 circa
420 3612 620 3678 adversarios
642 3636 717 3678 suos
740 3624 814 3677 sunt
827 3621 934 3712 gesta3
957 3634 1052 3699 quam
1067 3610 1189 3678 scilicet

68 3697 199 3762 tertiam
227 3695 303 3761 illuc
329 3698 560 3783 profectionem
589 3699 707 3763 fecerat
734 3719 909 3783 praeo1pue
932 3706 1041 3760 contra
1062 3696 1188 3761 Mathil-

68 3841 93 3894 a)
109 3841 179 3883 Lnid.
196 3843 217 3883 1.

71 3947 98 4011 1)
125 3945 234 3997 Ehlreh.
260 3951 287 3995 θῖ
304 3945 374 3995 Ann.
392 3945 506 4010 August.
530 3945 582 3995 hcc
606 3947 645 3994 ita
662 3945 763 3995 facturn
783 3959 841 3995 esse
862 3945 1020 3996 concedunt.
1095 3944 1123 4010 2)
1145 3945 1187 3997 cf.

68 4019 156 4070 verba
178 4034 201 4069 c.
216 4017 265 4067 25:
284 4017 320 4068 Αῖ
337 4016 481 4082 imperator
494 4035 566 4084 prae
578 4017 657 4068 nimio
668 4017 746 4085 pacis
766 4033 862 4069 umore.
916 4019 945 4082 3)
965 4019 1008 4069 De
1027 4017 1078 4068 hac
1097 4033 1189 4085 pugna

67 4093 240 4160 imperatoris
260 4109 320 4142 cnm
340 4092 495 4142 marchione
516 4092 550 4142 cf.
563 4090 693 4142 Bernoldi
713 4090 824 4155 Obron.;
843 4091 912 4142 Ann.
931 4091 1060 4156 August3
1079 4091 1186 4142 Ekkeh.

69 4165 172 4218 chron.
193 4164 317 4228 a.1089;
337 4166 405 4217 Ann.
418 4165 559 4227 Disibod.;
579 4166 647 4216 Ann.
663 4164 690 4216 S.
704 4164 802 4215 Alban.
857 4164 887 4230 4)
906 4166 949 4215 De
971 4165 1054 4215 caede
1073 4166 1188 4231 Egberti

68 4241 105 4292 cf.
143 4241 215 4290 Ann.
246 4238 384 4302 Hildesh.;
412 4239 519 4288 Ehlreh.
546 4239 623 4302 Ohr.;
656 4238 725 4288 Ann.
758 4238 913 4302 Ottenbnr.;
948 4237 1011 4291 chr.
1040 4239 1187 4306 Sampetr.;

68 4312 133 4366 cnr.
154 4329 216 4379 epp.
235 4310 375 4376 Hildesh.;
394 4312 427 4364 V.
446 4313 557 4363 Henrici
569 4312 617 4364 IV.
686 4308 716 4376 ὅ)
729 4310 893 4364 waltramus
912 4312 964 4362 hoc
983 4312 1055 4364 solus
1076 4312 1109 4363 de
1130 4315 1188 4364 eius

66 4387 219 4455 cupiditate
237 4384 370 4452 regnandi
388 4386 490 4437 scribit.

917 4467 955 4516 ga
