2812 4830
202 367 238 416 96
399 368 449 417 Du
469 366 627 417 UNITATE
646 365 850 418 ecciesiae
871 364 1154 418 CONSERVANDA.

202 534 350 601 adiuvari
378 534 504 617 debet1,
531 535 616 598 sicut
637 533 722 599 Leo²
749 554 835 619 papa
861 532 963 611 docet,
987 535 1063 620 quia
1085 535 1237 599 timentes
1259 555 1315 598 eor·

202 618 314 767 porale
341 617 497 682 iudicium
526 638 757 704 nonnunquam
786 617 828 682 ad
856 616 1000 765 spiritale
1028 627 1201 683 recurrunt
1228 640 1316 684 reme·

226 707 303 767 ium.
339 703 404 767 Sed
426 714 462 766 ut
482 704 602 788 passim
626 703 732 766 omnia
753 700 841 766 licito
887 711 952 784 ant,
974 702 1037 788 ipsi
1051 701 1211 768 adversae
1224 704 1315 803 partis

203 787 348 873 episcopi
379 788 502 872 regiam
535 796 737 873 potestatem,
774 786 873 851 immo
910 786 1051 850 divinam
1091 787 1315 852 ordinationem

202 882 345 936 evertere
373 882 498 957 parant,
526 893 598 936 cum
628 870 667 936 de
696 869 746 934 his
775 893 913 956 quoque,
943 872 999 956 qui
1025 879 1101 957 post
1128 871 1314 956 baptismum

201 964 259 1020 aut
284 965 443 1020 tormenta
472 954 540 1019 sola
569 964 780 1020 exercuerunt
809 956 982 1020 autetiam
1006 953 1181 1040 capitalem
1203 965 1314 1020 senten-

201 1040 279 1105 tiam
302 1039 512 1126 protulerunt‚
536 1040 582 1103 sio
604 1037 715 1104 scribit
729 1050 859 1104 sanctus
873 1060 959 1124 papa
973 1039 1215 1122 Innocentius⁸,
1239 1039 1313 1126 quod

201 1124 242 1189 de
274 1126 353 1224 ipsis
386 1123 464 1187 nihil
496 1123 663 1188 definitum
697 1123 739 1187 sit
766 1146 787 1188 a
812 1123 997 1188 maioribus.
1040 1139 1222 1192 Meminerant
1247 1138 1312 1203 ania

201 1210 316 1295 inqult,
330 1242 348 1275 a
358 1225 415 1276 Deo
419 1229 564 1291 potestates
577 1222 719 1290 barfuiaae
731 1239 867 1274 concessas
876 1227 901 1274 et
906 1228 1019 1288 propter
1028 1221 1175 1274 vindiciam
1184 1221 1313 1273 uonmram

200 1299 322 1367 pladium
329 1299 421 1366 faisse
431 1296 589 1363 panniacum
603 1302 627 1347 et
638 1294 692 1346 Dei
704 1295 853 1347 ministrum
867 1311 921 1348 erac
939 1297 1034 1347 datum
1050 1292 1081 1346 in
1100 1295 1255 1346 huiuamodi
1266 1295 1311 1347 ain·

201 1372 293 1424 dicem.
323 1371 459 1432 Quomodo
479 1387 540 1438 erqo
558 1369 779 1434 reprehenderent
789 1370 907 1437 factum,
926 1369 998 1435 quad
1011 1375 1119 1420 auctora
1131 1368 1191 1420 Deo
1204 1369 1312 1422 uiderem

202 1470 257 1506 ease
276 1452 444 1504 concessum?
471 1451 568 1503 Dabis
583 1468 652 1518 erpa,
672 1436 786 1521 inquit,
808 1460 838 1502 nt
853 1452 980 1503 hactenus
996 1460 1130 1502 amentum
1144 1448 1231 1515 asinio
1244 1451 1310 1502 baia·

201 1543 267 1586 mua,
288 1543 321 1576 ne
340 1531 387 1576 aut
406 1525 575 1590 disciplinam
594 1532 707 1577 euertere
727 1534 774 1576 ani
794 1531 886 1576 contra
905 1524 1088 1576 auctoritatem
1103 1524 1217 1576 Domini
1234 1521 1311 1575 uenia

202 1597 351 1662 videamur,
363 1598 430 1664 quia
441 1598 508 1663 ipsis
520 1598 549 1648 in
561 1599 692 1651 rationem
704 1600 869 1650 reddendam
880 1604 956 1665 qesta
968 1614 1020 1648 aaa
1032 1596 1123 1649 omnia
1135 1597 1310 1650 amabuntur.

286 1665 338 1728 28.
381 1664 425 1731 At
453 1676 648 1730 memoratus
676 1665 729 1730 ille
761 1665 911 1751 Hartvig,
944 1673 980 1729 ut
1011 1675 1173 1730 everteret
1199 1665 1311 1749 regiam

201 1757 402 1836 potestatem,
424 1750 523 1814 immo
545 1749 688 1816 divinam
709 1749 954 1830 ordinationem,
976 1747 1127 1814 militavit
1153 1760 1228 1813 cum
1255 1749 1312 1812 suis

202 1834 404 1898 consortibus
431 1834 592 1920 episcopis
619 1857 676 1921 per
702 1833 821 1899 multas
847 1833 1070 1919 expeditiones
1097 1842 1213 1898 contra
1236 1833 1312 1898 Heu·

200 1917 325 1982 richum
354 1940 475 2003 regem,
506 1940 642 2004 quarum
670 1917 759 1983 nulla
787 1919 890 2003 magis
918 1917 960 1981 ad
987 1918 1097 1982 vivum
1128 1939 1189 1982 nos
1210 1918 1312 2002 tetigit,

225 2024 300 2066 uam
332 2002 396 2084 illa,
429 2003 557 2088 quando
589 2002 631 2067 ad
657 2001 766 2067 locum
793 2000 1015 2067 Herosieldiae
1048 2002 1159 2088 posuit
1186 2009 1312 2068 cassat

202 2025 394 2173 Specialiter
419 2086 503 2150 enim
532 2087 603 2172 ipse
630 2109 708 2172 prae
730 2087 845 2153 ceteris
875 2085 1059 2152 Saxonibus
1085 2085 1162 2150 odio
1184 2085 1313 2151 habebat

202 2170 341 2236 eandem
373 2170 481 2236 locum
514 2171 745 2256 Herosfeldiae‚
778 2171 917 2257 ideoque
949 2170 1111 2236 civitatem
1147 2180 1181 2234 et
1213 2179 1313 2234 sancta

200 2265 328 2320 nostra³
351 2255 525 2342 quaerebat
545 2255 694 2320 omnibus
716 2254 820 2320 modis
835 2255 1011 2337 destruere3
1034 2275 1110 2318 nam
1124 2253 1227 2319 abbas
1241 2255 1314 2319 eius-

202 2340 274 2405 dem
297 2339 369 2419 loci,
391 2339 496 2404 dictus
519 2360 648 2424 quoque
675 2349 708 2405 et
735 2341 806 2424 ipse
828 2339 1018 2424 Harii-igue,
1047 2348 1250 2404 successerat
1274 2337 1314 2402 illi

201 2423 353 2487 damnato
375 2433 408 2487 et
428 2422 575 2508 deposito
597 2425 630 2486 in
651 2424 874 2511 episcopatum
888 2422 1204 2508 Magadaburgensis
1226 2422 1314 2488 eccle

201 2507 277 2585 siae,
299 2508 491 2592 imperatore
514 2516 546 2571 et
562 2509 675 2572 ceteris
697 2506 900 2594 principibus
922 2507 1017 2592 regni
1038 2506 1213 2591 plurimum
1235 2506 1315 2572 anni·

200 2589 342 2654 tentibus
364 2612 462 2676 super
482 2589 637 2656 electione
659 2593 728 2656 eius
747 2604 779 2657 et
794 2591 1004 2672 ordinatione,
1027 2592 1182 2677 quoniam
1196 2600 1316 2679 praeter

200 2673 245 2755 id,
276 2673 363 2759 quod
390 2673 536 2760 adprime
564 2675 741 2741 instructus
769 2685 801 2741 et
822 2676 966 2742 eruditus
989 2684 1038 2740 est
1057 2685 1124 2741 tam
1147 2673 1315 2741 moralibus

202 2756 383 2856 disciplinis
412 2780 507 2844 quam
537 2761 636 2823 sacris
666 2762 843 2846 scripturis,
872 2761 907 2824 in
928 2759 989 2824 hoc
1012 2781 1141 2846 quoque
1163 2761 1236 2846 ipse
1257 2759 1316 2846 pla-

93 2847 96 2855 ’
203 2850 314 2905 cuerat
335 2864 383 2924 us,
407 2843 484 2942 quia
504 2842 548 2925 id,
572 2843 659 2930 quod
680 2845 855 2930 imperator
876 2866 941 2909 non
962 2844 1069 2930 potuit
1096 2844 1227 2908 efficere
1247 2845 1317 2909 totis

201 2924 325 2990 viribus
341 2949 441 3011 regni,
463 2927 524 2992 hoa
539 2929 610 3013 ipse
624 2929 759 3015 perfecit
773 2951 815 2993 ex
829 2929 987 2993 industria
1000 2929 1154 3014 sapientis
1169 2928 1318 3014 ingemit

201 3007 325 3074 sufficet
353 3021 389 3075 ut
417 3011 616 3078 divideretur
642 3014 748 3078 unitas
774 3034 1008 3099 perversorum,
1031 3034 1105 3076 cum
1127 3034 1194 3077 non
1216 3020 1320 3098 posset

200 3117 260 3181 per
286 3095 490 3182 disciplinam
516 3099 563 3162 rei
590 3096 737 3163 militaris
766 3096 901 3162 emolliri
930 3097 1048 3162 duritia
1075 3096 1246 3162 Saxonum
1270 3095 1318 3162 vel

200 3179 340 3245 rescindi
375 3182 513 3247 societas
546 3181 796 3267 Thuringorum.
841 3180 934 3246 Sicut
966 3184 1052 3245 enim
1084 3203 1155 3246 esse
1188 3181 1318 3246 noxium

200 3263 291 3346 solet,
313 3266 340 3329 si
361 3266 467 3330 unitas
489 3266 572 3330 desit
593 3266 696 3349 bonis,
717 3269 764 3330 ita
785 3266 1001 3352 perniciosum
1023 3273 1081 3347 est,
1103 3266 1130 3329 si
1151 3287 1219 3331 non
1241 3265 1319 3330 desit

200 3347 303 3413 malis.
346 3350 519 3415 Perversos
542 3351 663 3436 quippe
684 3351 790 3414 unitas
813 3350 1008 3432 corroborat,
1037 3349 1114 3414 dum
1137 3349 1319 3430 concordat,

200 3443 232 3497 et
253 3443 341 3498 tanto
363 3435 467 3518 magis
495 3433 742 3520 incorrigibiles,
766 3445 886 3520 quanto
908 3434 1076 3499 unanimes
1097 3433 1185 3498 iacit.
1230 3433 1319 3500 Unde

203 3585 231 3653 1)
256 3587 307 3637 His
331 3587 420 3637 verbis
445 3589 554 3637 nimiam
579 3587 775 3652 indulgentiam
796 3594 823 3638 et
841 3588 981 3639 leuitatem
1001 3589 1171 3655 imperatoris
1191 3605 1258 3655 erga
1276 3605 1318 3640 eos

202 3661 351 3727 episcopos,
373 3661 419 3726 qui
439 3660 541 3724 synodo
560 3661 720 3726 Magantina
740 3660 859 3712 damnati
879 3668 961 3724 erant,
982 3660 1164 3728 reprehendit.
1232 3661 1261 3730 2)
1281 3661 1318 3713 Oi.

200 3733 284 3782 verba
296 3734 411 3783 Leonis:
435 3731 528 3783 Omnes
540 3750 583 3784 res
596 3740 668 3786 tutae
682 3751 736 3786 ease
755 3751 808 3785 non
817 3743 932 3800 possunt
951 3741 1002 3786 etc.
1023 3735 1041 3785 1.
1053 3735 1076 3798 Ι,
1090 3750 1115 3787 c.
1125 3736 1152 3787 3.
1204 3734 1235 3801 3)
1255 3737 1317 3786 Hin-

201 3805 291 3856 schias
318 3824 343 3871 p.
364 3805 428 3855 531.
502 3803 531 3870 4)
551 3807 644 3858 Mense
663 3808 785 3872 Augusto
810 3824 833 3859 a.
856 3808 942 3859 1086:
965 3807 1079 3870 Quando
1093 3816 1276 3872 porrexerunt
1292 3805 1318 3858 in

201 3878 355 3929 orientalem
372 3877 516 3929 Franciam
536 3880 573 3931 ad
586 3882 756 3945 patrandum
774 3881 844 3932 illud
863 3881 934 3933 circa
949 3881 1106 3948 Wrtaiburq
1124 3897 1241 3948 magnae
1258 3879 1318 3933 occi·

201 3950 283 4001 aionis
302 3952 385 4002 scelus
407 3951 442 4018 (c.
457 3951 513 4018 31).
571 3953 600 4020 5)
621 3956 652 4006 V.
673 3956 757 4021 praei.
777 3973 802 4020 p.
817 3956 865 4006 XI.
923 3953 953 4022 6)
972 3957 1037 4006 Post
1055 3955 1187 4020 synodum
1207 3956 1316 4022 Mogon-

200 4025 346 4075 tiacensem
377 4030 404 4075 et
432 4032 493 4091 post
522 4033 682 4078 conventum
710 4030 737 4077 iu
763 4028 824 4078 loco
845 4029 1014 4094 Gerstungeu
1040 4035 1128 4079 actum
1154 4029 1202 4092 (cf.
1229 4045 1253 4080 c.
1274 4023 1317 4093 19)

200 4113 300 4162 magna
319 4102 490 4149 commutatio
510 4100 675 4151 voluntatum
696 4101 766 4167 apud
782 4102 902 4153 Saxones
921 4103 994 4153 iacta
1014 4108 1062 4161 est,
1083 4117 1153 4168 quae
1168 4118 1224 4152 non
1237 4101 1318 4154 solum

200 4187 249 4238 per
262 4171 385 4222 abbatem
401 4173 598 4232 Herosieldiae,
612 4175 661 4224 sed
676 4177 754 4224 etiam
769 4191 818 4240 per
827 4175 950 4226 Udonem
964 4175 1251 4227 Hildinisheimensem
1266 4175 1317 4241 epi-

200 4260 319 4310 scopum,
340 4245 373 4295 de
393 4262 446 4312 quo
465 4262 547 4312 supra
566 4264 590 4296 c.
612 4247 654 4310 19,
675 4247 772 4298 effecta
792 4254 840 4299 est.
881 4249 920 4300 cf.
942 4249 1012 4300 Anu.
1028 4248 1157 4314 Magdeb.
1179 4249 1228 4302 SS.
1248 4247 1318 4309 XVI,

199 4335 226 4384 p.
248 4317 313 4369 177:
340 4317 448 4369 Videres
473 4327 536 4370 tunc
561 4319 683 4384 tenrporis
699 4318 803 4386 facicm
828 4319 965 4372 Senoniae
990 4321 1199 4373 irrevocabiliter
1225 4323 1318 4373 aitera-

200 4399 269 4453 tam,·
288 4393 418 4445 Bernoldi
439 4393 500 4445 chr.
521 4393 581 4460 (SS.
597 4394 630 4458 V,
651 4411 679 4461 p.
699 4392 781 4461 444);
800 4395 907 4447 Ekkeh.
929 4395 991 4448 cnr.
1013 4395 1073 4458 (SS.
1087 4395 1136 4460 VI,
1155 4413 1184 4462 p.
1205 4393 1281 4463 205).
