2812 4830
244 365 294 413 DE
314 363 472 414 UNITATu
491 362 696 415 ECCLESIAE
717 362 988 414 consueverint.
1142 362 1176 410 23

63 554 108 588 nos
134 538 278 588 salutantes
302 537 397 602 affectu
418 538 542 602 petimus,
557 533 801 601 praecellentissimi
812 534 876 601 filii,
901 544 931 586 ut
956 532 1105 584 detestabile
1131 533 1180 584 ltoc

64 611 164 661 malum
189 608 348 661 simoniacae
373 610 471 661 lteresis
496 626 527 660 ac
551 609 740 675 neophytorum
764 609 796 660 de
818 608 894 676 repni
911 605 991 659 nestri
1002 604 1104 673 finibus
1124 615 1178 656 stu-

64 683 149 734 deatis
173 683 332 748 probiberea
361 691 385 734 et
408 684 485 733 nulla
511 683 586 746 opud
610 699 655 733 nos
679 681 820 744 mouentia,
844 683 921 733 nulla
945 685 1037 732 contra
1063 679 1179 729 animam

64 764 177 807 nestram
205 757 334 824 supqestio
363 756 448 807 locum
470 753 598 818 inveniat,
622 755 686 820 qnia
704 753 832 820 facientis
853 753 1048 820 proculdubio
1074 753 1179 816 cuasam

64 838 149 900 labet,
175 839 222 903 qui
244 838 316 904 quod
337 845 424 902 potest
449 835 578 905 corripere
603 835 711 905 nepliqit
739 832 908 888 emendareb.
947 821 990 884 Et
1010 823 1044 883 ln
1065 829 1179 905 quarto

63 903 145 970 libro
167 906 283 990 legitur
304 905 351 967 ita
373 903 540 989 scripsisse
561 905 643 968 inter
664 902 727 967 alia
749 901 922 968 Sabiniano
945 926 1002 968 suo
1026 902 1180 968 Constan-

64 989 275 1075 tinopolitano
303 986 448 1069 diacono,
475 998 511 1053 ut
540 987 601 1051 hoc
629 987 778 1073 loquatur
807 988 992 1073 imperatori
1012 988 1179 1052 Mauritio:

70 1088 156 1138 Unum
175 1095 220 1148 est,
242 1071 374 1156 inquil1,
395 1087 467 1152 quod
482 1085 594 1138 breviter
606 1103 732 1154 suppercs
751 1086 922 1138 serenissimis
941 1085 1053 1139 dominis
1072 1086 1177 1149 nostris,
1190 1099 1342 1151 0f.1ib.11,c.1.

66 1162 140 1226 quia,
160 1160 184 1211 si
197 1178 241 1228 eqo
257 1177 347 1212 cerrus
367 1177 455 1211 eorum
473 1159 564 1210 uellem
582 1177 622 1211 me
641 1160 670 1210 in
690 1157 804 1210 alicuius
823 1169 929 1211 mortem
941 1161 1057 1222 miscere,
1074 1158 1178 1225 Lonpc-

66 1234 212 1284 bardorum
229 1250 292 1302 qens
309 1250 356 1285 nec
373 1249 460 1299 recem
477 1249 524 1283 nec
537 1233 616 1284 duces
634 1249 682 1284 nec
701 1232 804 1283 comites
820 1233 926 1285 liaberet
945 1242 1023 1299 atque
1036 1233 1064 1282 in
1077 1249 1180 1282 summa

67 1315 220 1381 confusione
238 1315 326 1367 divisa
345 1323 417 1366 esset.
455 1313 510 1365 Sed
528 1313 593 1380 quic
611 1313 707 1378 Deum,
727 1301 781 1379 sit,
803 1315 887 1377 timeo,
910 1314 939 1364 in
964 1323 1070 1365 mortem
1092 1314 1179 1364 cuius·

67 1397 129 1447 tibet
147 1397 256 1448 hominis
280 1414 319 1448 me
344 1399 451 1448 miscere
463 1397 592 1462 fenaldo.
630 1382 735 1467 Igitur
762 1380 970 1467 Langobardi
999 1391 1075 1445 tunc
1101 1390 1180 1445 tem·

66 1464 154 1548 poris
175 1465 292 1550 pagani
313 1474 404 1528 erant
425 1473 457 1528 et
478 1465 641 1528 invasores
656 1465 767 1531 Italiae
789 1488 828 1530 ac
843 1474 1064 1551 persecutores
1080 1464 1180 1529 eccle-

68 1549 142 1629 siae,
172 1559 203 1613 et
231 1559 338 1612 tamen
363 1547 416 1611 ille
444 1549 663 1614 sanctissimus
692 1573 779 1636 papa
801 1550 976 1636 Gregorius
998 1549 1099 1614 noluit
1120 1569 1179 1634 pro

66 1632 129 1694 Dei
157 1634 270 1697 timore
300 1633 470 1730 quicquam
500 1631 615 1695 horum
642 1633 758 1716 facere,
789 1656 871 1721 quae
893 1634 1082 1719 supradicta
1107 1642 1181 1697 sunt

64 1736 158 1799 posse
188 1716 322 1798 efficere,
351 1714 474 1780 scilicet
501 1726 537 1780 ut
562 1716 848 1804 Longobardorum
878 1740 957 1803 gens
982 1740 1041 1782 nec
1071 1739 1179 1802 regem

64 1821 125 1862 nec
153 1799 250 1864 duces
276 1821 336 1864 nec
362 1801 495 1864 comites
518 1798 651 1866 haberet
671 1812 768 1887 atque
792 1804 827 1866 in
848 1824 974 1866 summa
996 1801 1181 1866 confusione

65 1883 169 1947 divisa
190 1897 283 1966 esset,
307 1885 453 1970 quamvis
474 1882 526 1948 vel
546 1885 617 1969 ipse
638 1885 692 1949 vel
713 1885 848 1950 ecclesia
872 1887 1079 1954 sustinuerint
1105 1884 1182 1949 talia

65 1966 107 2030 ab
135 1968 175 2030 iis
200 1967 288 2032 illata
315 1966 529 2046 incommoda,
560 1968 667 2052 qualia
694 1969 826 2034 scribit²
855 1969 888 2031 in
913 1971 960 2038 18.
984 1991 1080 2055 super
1101 1969 1181 2032 Eze-

66 2048 180 2114 cieleln
201 2052 392 2136 prophetam
413 2050 561 2115 homilia:
585 2066 658 2128 Quid
680 2075 726 2129 est,
743 2068 798 2118 iam
817 2084 888 2134 royo,
909 2068 980 2132 quod
995 2067 1074 2118 libeat
1093 2068 1121 2117 in
1134 2067 1182 2118 ltoc

67 2141 187 2192 mundo?
205 2142 322 2206 undique
341 2141 425 2191 luctus
445 2141 596 2205 aspicimus,
615 2140 731 2206 undique
753 2139 864 2208 pemitus
883 2141 1015 2202 andimus,
1035 2141 1182 2192 destructae

67 2214 155 2275 urbes,
183 2231 274 2266 euersa
297 2223 360 2264 sunt
385 2221 481 2277 castra,
505 2212 659 2279 depopulati
683 2221 745 2265 sunt
770 2212 836 2280 apri,
867 2215 897 2264 in
920 2213 1087 2265 solitudinem
1111 2222 1183 2264 terra

65 2288 178 2337 redacta
206 2295 250 2350 est,
276 2287 367 2338 nullus
394 2285 423 2336 in
448 2285 521 2354 apris
545 2288 640 2349 incola,
658 2303 748 2352 paene
765 2288 855 2338 nullus
873 2286 903 2338 in
922 2286 1031 2337 urbibus
1050 2287 1183 2338 habitator

66 2360 203 2423 remansit,
229 2369 253 2412 et
277 2360 352 2426 ipsm
370 2377 476 2425 parone
498 2361 600 2427 aenens
624 2360 735 2410 humani
764 2360 894 2425 reliquiae
924 2360 1012 2411 adbuc
1037 2358 1130 2410 cotidie
1159 2366 1183 2411 et

66 2433 123 2483 sine
142 2433 284 2484 cessatione
295 2433 444 2500 feriuntur,
465 2439 488 2484 el
499 2434 582 2499 finem
600 2450 654 2483 non
673 2433 770 2484 babent
780 2435 892 2500 stapella
917 2433 1033 2485 caelestis
1057 2432 1183 2496 iustitiae,

67 2506 132 2572 quia
151 2524 198 2557 nec
216 2505 285 2558 inter
296 2507 408 2574 flacilla
426 2506 542 2557 directae
561 2513 623 2558 sunt
643 2507 756 2557 actiones
782 2508 882 2571 comae.
920 2505 995 2558 Alios
1020 2508 1049 2557 in
1073 2507 1182 2572 captiui·

67 2587 147 2631 tatem
166 2580 236 2643 duci,
258 2579 324 2631 alios
342 2580 503 2643 detruncari,
524 2579 590 2630 alios
608 2577 719 2645 interfici
731 2579 859 2631 videmus.
887 2579 960 2642 Quid
973 2588 1009 2632 est
1022 2596 1092 2646 erqo,
1112 2581 1182 2645 quod

66 2654 97 2704 in
122 2653 172 2703 lac
189 2654 244 2705 nita
263 2653 350 2717 libeat,
368 2654 473 2718 fratres
491 2651 562 2704 mei?
599 2650 630 2702 Si
648 2660 672 2703 et
690 2654 769 2703 talem
787 2654 874 2704 adbuc
892 2654 1020 2705 mundum
1039 2652 1182 2721 diliyimns,

66 2745 121 2779 non
144 2725 200 2778 iam
223 2726 336 2794 canolia,
360 2726 407 2777 sed
431 2727 545 2777 uulnera
569 2742 696 2777 amamus.
740 2725 807 2790 Ipsa
826 2735 921 2790 antem,
948 2744 1015 2792 quae
1036 2726 1182 2791 aliquando

67 2801 162 2851 mundi
186 2800 292 2850 dominc
319 2815 373 2850 esse
391 2798 539 2863 videbatur,
564 2799 650 2864 qualis
669 2798 826 2850 remanserit
845 2799 938 2862 Roma,
958 2799 1115 2865 conspicitis,
1135 2800 1183 2849 im·

66 2875 165 2925 mensis
195 2873 329 2924 doloribus
355 2872 534 2936 multipliciter
562 2871 662 2933 attrita,
692 2872 852 2925 desolatione
881 2872 984 2936 civium,
1012 2872 1183 2937 impressione

67 2948 189 3009 bostium,
203 2944 359 3011 frequentia
377 2943 525 2996 ruinarum.
570 2944 618 2995 Ubi
635 2945 690 2994 iam
705 2944 831 2996 senatus?
860 2946 906 2997 abi
919 2944 1057 3011 populus?
1093 2945 1183 2996 Omnis

68 3019 248 3071 saecularium
273 3018 432 3085 dlqnitatum
456 3018 521 3069 ordo
546 3017 688 3069 enstinctus
715 3026 752 3068 est
775 3016 804 3067 in
823 3035 863 3082 ec,
887 3027 910 3070 et
928 3020 983 3069 iam
1000 3036 1088 3070 uacua
1107 3019 1183 3070 ardet

67 3105 163 3156 Roma.
203 3087 293 3150 Haec
322 3106 418 3170 passa
446 3095 494 3150 est
520 3108 540 3149 a
561 3084 784 3169 Langobardis
812 3084 957 3167 ecclesia,
985 3084 1064 3148 haec
1087 3107 1184 3171 passa

69 3182 120 3236 est
151 3180 183 3235 et
213 3171 326 3250 Roma,
357 3167 436 3231 haec
468 3191 582 3254 passus
610 3189 738 3255 quoque
768 3178 816 3233 est
847 3179 974 3233 sanctus
1008 3169 1183 3254 Gregorius

67 3277 164 3342 papa,
187 3255 251 3340 qui,
274 3263 366 3317 cum⁰
388 3251 493 3317 facere
539 3263 632 3336 osset,
655 3263 691 3317 ut
711 3251 997 3338 Longobardorum
1023 3276 1101 3338 gens
1123 3275 1183 3318 nec

67 3361 179 3424 regem
214 3360 275 3402 nec
315 3336 446 3401 comites
479 3277 611 3403 haberet
644 3346 739 3422 atque
772 3339 806 3400 in
841 3361 966 3402 summa
1000 3339 1183 3402 confusione

68 3423 173 3487 divisa
198 3431 290 3503 esset,
319 3419 399 3483 nihil
426 3420 540 3485 horum
567 3421 672 3486 facere
699 3419 809 3502 voluit,
833 3423 908 3507 quia
935 3422 985 3486 vir
1012 3434 1117 3486 rectus
1146 3440 1183 3483 ac

67 3509 186 3572 timens
205 3505 312 3570 Deum
336 3504 404 3568 fuit.
456 3519 528 3581 Quia
554 3519 630 3584 enim,
655 3505 760 3589 inquit
768 3514 790 3585 ³,
819 3521 907 3573 Deum
926 3522 1010 3584 timeo,
1029 3519 1058 3570 in
1077 3528 1183 3571 mortem

68 3595 206 3649 cuiuslibet
224 3594 335 3647 bominis
354 3611 394 3645 me
411 3594 516 3646 miscere
528 3593 659 3658 formido.

156 3666 205 3731 12.
242 3662 306 3728 Sed
328 3671 364 3725 ut
383 3662 486 3746 magis
508 3682 546 3723 ao
568 3663 670 3746 magis
693 3659 933 3725 convalescebat
951 3659 1062 3741 civilis,
1084 3661 1181 3723 immo
1193 3681 1222 3734 (ο.
1231 3679 1299 3731 xm>

69 3749 143 3835 plus
159 3768 255 3834 quam
271 3744 375 3809 civilis
389 3744 560 3818 discordis,
581 3766 750 3831 perquam
765 3754 874 3808 nostro
897 3766 1023 3830 quoque
1039 3754 1182 3828 tempore

68 3837 154 3897 facta
183 3841 257 3894 sunt
284 3851 343 3915 pro
368 3852 385 3893 e
415 3827 539 3910 similia,
568 3827 674 3913 qualia
695 3830 839 3914 superior
861 3850 964 3893 sermo
987 3827 1183 3891 demonstrat

69 3939 128 4002 per
155 3914 327 4000 Langobar
350 3934 385 3977 os
412 3922 483 3977 acta
511 3935 580 3976 esse
608 3913 641 3975 in
663 3913 807 3976 Romana
834 3909 1026 3996 republica,
1055 3921 1090 3975 ut
1116 3921 1181 3974 tam

70 4104 443 4206 a)proh}beri1;mmd.Gom.
497 4102 521 4157 b)
537 4105 662 4144 emandare
679 4106 702 4155 13
723 4103 803 4144 emend.
819 4102 907 4142 Schera.
970 4099 991 4152 c)
1009 4101 1140 4150 quicunque
1157 4102 1182 4148 13

69 4167 150 4207 emend.
182 4166 256 4206 elcard.

71 4344 262 4468 arsiae&
273 4343 324 4392 ree
340 4342 434 4408 (areg.
448 4356 508 4409 epp.
522 4343 555 4405 v,
567 4342 603 4405 c).
660 4341 687 4405 e)
707 4340 848 4402 1o1c0m1,
862 4356 888 4405 p.
902 4337 981 4386 1374.
1031 4336 1060 4398 s)
1076 4335 1181 4385 nucem

114 4436 167 4485 212·
243 4453 249 4467 ·
