2812 4830
255 350 306 401 DE
324 349 483 401 UNITATE
502 350 707 402 nccnnsmn
728 351 1004 405 CONSERVANDA.
1138 353 1189 406 123

72 521 160 584 iuxta
183 539 342 583 sanonum
365 517 497 584 decreta
518 541 582 583 non
604 519 700 584 liceat
721 519 817 584 alicui
838 520 980 586 iudicare
1005 521 1045 586 de
1067 522 1187 588 iudicio
1211 583 1214 590 .

72 605 236 669 Romanae
272 602 444 685 eeclesiae,
480 602 525 666 illi
561 602 690 689 quidem
726 603 951 691 blasphemant
983 605 1188 691 Wigbertum

70 689 272 775 eundemque
296 685 492 753 Clementem
519 689 708 773 episcopum
729 689 893 754 Romanae
924 688 1086 774 eeclesiae,
1113 693 1189 756 sori-

70 774 194 855 bentes,
217 795 288 837 eum
310 771 414 836 furem
443 781 475 836 et
503 772 678 837 hereticum
706 781 803 858 atque
828 773 1017 840 mendaeem
1039 797 1119 857 esse,
1141 775 1189 840 in·

67 854 267 938 simulantes
293 879 377 939 eum,
406 856 492 943 quod
515 857 579 920 dici
600 855 690 919 nefas
714 869 770 938 est,
795 856 922 922 diabolo
944 858 996 922 vel
1018 859 1188 924 simulacro

68 940 148 1005 idoli
171 941 307 1006 similem
330 962 410 1021 esse,
431 940 569 1027 ideoque
587 939 758 1004 anathema
778 942 881 1027 ipsius
903 941 965 1006 sibi
979 965 1043 1007 non
1059 965 1187 1027 nocere,

91 1036 311 1091 raesumentes
333 1025 429 1090 etiam
446 1047 555 1110 regem
572 1025 781 1103 Henrichum,
802 1048 897 1111 quem
913 1026 1004 1092 Deus
1021 1030 1189 1115 praecepit

67 1047 299 1191 honorificare,
323 1107 431 1174 multis
453 1108 557 1173 modis
580 1108 725 1174 similiter
746 1108 978 1195 blasphemare.
1008 1151 1047 1160 -
1079 1113 1185 1178 Cona-

67 1204 123 1259 tur
148 1196 255 1277 etiam,
282 1194 439 1281 inquiunt,
469 1203 589 1276 statua,
618 1218 717 1280 quarn
743 1197 844 1258 erescit
870 1195 1186 1279 Nabuchodonosor,
1197 1221 1258 1264 nan.
1267 1221 1289 1264 a.

68 1300 101 1342 se
130 1301 199 1344 non
229 1279 406 1344 adorantes
432 1276 608 1343 catholicos
630 1287 777 1343 astruere
798 1280 1010 1344 scismaticos.
1052 1282 1097 1343 At
1118 1304 1186 1363 nos,

66 1365 169 1437 aiunt,
182 1362 322 1446 favente
341 1362 510 1428 clementia
524 1364 599 1443 Dei,
622 1365 801 1427 certissima
822 1365 952 1428 ratione
970 1364 1187 1449 probabimus

68 1448 128 1512 boc
150 1470 260 1514 errore
282 1470 350 1512 non
370 1449 483 1529 teneri,
506 1448 562 1511 sed
584 1469 636 1511 eos
653 1449 777 1531 potius,
801 1449 859 1532 qui
879 1447 1023 1532 evemplo
1045 1449 1311 1518 Datianuumas.

67 1541 96 1594 et
111 1532 239 1596 Abiron
260 1533 513 1597 insurreuerant
533 1533 570 1595 in
586 1529 792 1617 Greporium,
815 1535 899 1597 sicut
912 1532 963 1596 illi
978 1535 1014 1597 in
1030 1556 1188 1598 summurn

67 1618 265 1680 sacerdotem
280 1616 406 1697 Aaron,
422 1617 480 1700 qui
493 1616 715 1679 convenientes
730 1617 767 1679 in
782 1639 885 1680 unum
902 1615 1061 1682 aduersus
1075 1619 1187 1684 Domi-

68 1724 149 1764 num
170 1710 200 1763 et
215 1699 374 1764 aduersus
388 1701 545 1764 christum
565 1701 636 1764 eius
658 1700 862 1784 sedentesque
884 1701 922 1764 in
937 1703 1074 1766 concilio
1091 1705 1185 1766 vani·

67 1786 147 1848 tatis
172 1783 342 1871 Gregorio,
374 1786 429 1849 cui
450 1783 537 1848 orbis
558 1793 723 1847 terrarum
750 1786 1008 1866 communicavit,
1040 1786 1186 1851 obedien-

66 1870 151 1933 tiam
172 1871 406 1933 contumaciter
424 1869 697 1932 renuntiaverunt
719 1876 748 1930 et
769 1890 801 1931 se
824 1867 864 1931 ab
887 1871 1013 1932 unitate
1036 1873 1186 1954 corporis

72 1951 206 2033 Christi,
236 1952 323 2037 quod
350 1961 395 2015 est
424 1952 557 2016 ecclesia
574 1973 638 2034 per
660 1952 765 2015 orbem
792 1961 956 2016 terrarum
981 1951 1115 2038 diffusa,
1138 1977 1186 2017 se·

65 2046 242 2122 parantes,
271 2036 477 2121 Wipbertum,
500 2059 521 2099 a
543 2037 618 2100 sede
640 2034 819 2119 apostolica
845 2037 882 2099 in
906 2037 1042 2123 synodis
1063 2038 1186 2102 Romae

67 2123 236 2206 septennio
256 2120 422 2186 celebratis
443 2121 764 2200 eueommunicatum,
785 2120 849 2184 sibi
866 2142 993 2204 papam
1012 2121 1186 2206 deperunt,

70 2208 169 2290 quasi
190 2206 330 2270 diceutes
352 2206 513 2269 Domino:
543 2204 676 2268 ‘Recede
699 2227 719 2267 a
741 2204 842 2285 nobis,
864 2206 1034 2269 scientiam
1055 2207 1186 2269 uiarum

67 2299 204 2353 tuarum
226 2289 396 2354 nolumus’.

153 2375 206 2438 40.
250 2371 334 2438 Cum
355 2395 414 2459 per
436 2371 640 2437 Salomonem
661 2369 812 2456 loquatur
840 2372 997 2472 sapientia
1021 2371 1103 2436 Dei:
1134 2373 1347 2450 Nessanaso.

70 2459 106 2521 iu
130 2460 326 2543 copitatioue
355 2457 487 2544 quidem
516 2457 672 2520 detrahas
698 2458 780 2542 reqi,
810 2479 889 2541 qma
916 2478 984 2542 epo,
1013 2456 1127 2556 inquit,
1151 2480 1185 2522 os
1196 2483 1226 2524 n.
1236 2484 1287 2537 s‚s.

68 2544 159 2628 repis
178 2541 306 2607 observo
329 2553 357 2606 et
402 2550 555 2625 raecepta
575 2543 754 2606 iuramenti
768 2540 843 2621 Dei,
867 2551 896 2604 et
909 2543 999 2621 scito,
1022 2564 1103 2627 qma
1119 2564 1185 2626 pro
1195 2569 1301 2622 n.11,s.

69 2627 123 2690 his
147 2626 288 2690 adducet
314 2636 343 2690 te
365 2565 456 2690 Deus
483 2628 522 2694 in
547 2625 719 2689 iudicium.
763 2623 844 2689 (ium
868 2623 957 2707 haee,
979 2625 1120 2711 inquam,
1142 2627 1187 2690 ita

68 2711 143 2791 sint,
164 2709 484 2775 animadvertendum
507 2717 564 2790 est,
595 2708 755 2794 quomodo
778 2708 934 2773 adversus
956 2709 1134 2774 Dominum
1156 2720 1188 2774 et

68 2794 226 2858 adversus
248 2794 402 2858 christum
429 2794 497 2858 eius
525 2794 743 2874 convenerint,
771 2794 827 2878 qui
850 2793 1042 2858 ordinationi
1063 2793 1138 2876 Dei,
1167 2815 1187 2857 a

91 2900 133 2942 uo
149 2888 291 2963 potestas
306 2888 362 2958 est,
384 2879 546 2958 resistunt,
566 2878 622 2962 qui
637 2877 733 2940 etiam
748 2875 903 2941 christum
918 2877 1061 2960 Domini,
1077 2901 1186 2964 regem

68 2901 272 3027 ilenriohum
301 2961 433 3044 seilicet,
456 2960 724 3046 blasphemantes,
746 2982 862 3024 nomen
892 2961 921 3024 ei
950 2969 1045 3046 atque
1073 2962 1186 3048 impie-

68 3057 168 3113 tatem
182 3045 479 3111 Nabuchodonosor
499 3047 679 3131 imponunt,
702 3066 775 3108 oum
792 3043 877 3107 idem
894 3066 953 3108 rex
974 3053 1070 3130 atque
1086 3047 1186 3130 impe-

69 3140 158 3196 rator
178 3131 281 3196 videri
303 3153 337 3195 se
357 3129 435 3196 velit
456 3140 553 3216 atque
574 3126 730 3215 appellari
752 3127 956 3210 catholicum,
979 3138 1089 3214 utpote
1113 3151 1187 3192 oon-

69 3217 260 3280 sentientem
276 3214 425 3280 omnibus
439 3216 545 3295 bonis,
590 3213 624 3276 ui
645 3222 719 3277 sunt
740 3211 867 3276 solliciti
888 3234 1017 3276 servare
1031 3215 1187 3277 unitatem

69 3301 103 3363 in
117 3299 247 3365 vinculo
269 3302 368 3386 pacis.
403 3298 468 3365 sed
483 3235 736 3363 dioitl)ominns
756 3320 815 3383 per
828 3297 1028 3361 Hieremiam
1050 3297 1184 3382 prophe·

69 3395 151 3450 tam:
173 3386 258 3470 Epo,
279 3385 436 3470 inquiens,
459 3384 536 3447 dedi
552 3406 658 3448 omnes
673 3392 777 3446 terras
798 3384 880 3446 istas
900 3384 936 3446 in
952 3405 1054 3446 manu
1069 3382 1348 3473 Naba-1„„7‚,-3‚

69 3471 274 3535 cbodouosor
302 3471 391 3554 repis
416 3466 599 3553 Babylonis
626 3468 711 3530 servi
740 3468 812 3547 mei,
840 3469 979 3549 insuper
1010 3475 1039 3529 et
1068 3466 1186 3530 bestias

70 3557 150 3640 apri
177 3553 254 3618 dedi
283 3555 323 3634 ei,
352 3562 388 3616 ut
417 3555 562 3617 serviant
587 3549 650 3632 illi,
679 3560 708 3615 et
735 3553 874 3615 servient
895 3549 925 3614 ei
947 3572 1055 3614 omnes
1075 3560 1186 3636 pentes

69 3649 97 3704 et
112 3638 190 3722 filio
217 3639 287 3701 eius
316 3646 345 3701 et
363 3636 438 3717 filio
452 3636 522 3719 fita·
542 3637 633 3716 eius;
663 3657 743 3721 pens
765 3644 871 3699 autem
892 3643 922 3697 et
941 3656 1079 3719 requam
1102 3635 1187 3720 quod

69 3745 140 3787 non
162 3724 312 3786 servierit
332 3720 638 3785 Nabuchodonosor
658 3742 693 3783 re
717 3721 731 3782 i
748 3719 929 3806 Babylonis
951 3728 980 3783 et
1001 3720 1186 3804 quicunque

69 3830 138 3872 non
159 3807 384 3870 incurvaverit
405 3803 521 3869 collum
542 3826 637 3867 suum
660 3743 718 3866 sud
740 3805 819 3887 iupa
841 3806 940 3888 repis,
963 3805 1000 3867 in
1044 3802 1134 3867 ladio
1158 3812 1187 3867 et

61 3891 159 3976 fame
189 3898 219 3953 et
243 3899 332 3974 peste
359 3889 497 3954 visitabo
525 3909 627 3972 super
653 3897 777 3973 pentem
804 3885 906 3968 illam,
935 3889 982 3949 ait
1048 3888 1187 3967 ominus,

70 3977 174 4041 donee
205 3996 393 4038 consumam
421 3995 474 4038 eos
505 3974 543 4036 in
569 3994 673 4036 manu
699 3973 780 4036 eius.
830 3972 873 4034 Et
901 3973 974 4036 vivo
1003 3994 1073 4057 epo,
1105 3971 1187 4035 dicit

70 4061 247 4141 Dominus,
269 4059 426 4144 quoniam
446 4059 674 4136 iuramentum,
698 4053 785 4140 quod
806 4054 938 4119 dederat
959 4054 988 4116 ei
1010 4077 1068 4120 rex
1090 4039 1281 4151 sede-{³5⁰5}

70 4144 163 4208 ahias
186 4152 218 4207 et
239 4143 369 4228 sprevit,
387 4163 514 4226 ponam
534 4141 572 4204 in
587 4148 689 4222 caput
710 4142 780 4204 eius
802 4148 831 4201 et
851 4140 1008 4203 morietur
1028 4141 1066 4203 in
1083 4160 1185 4224 prae-

71 4229 288 4307 varicatione,
318 4248 385 4310 qua
417 4225 564 4308 desposcit
594 4246 650 4289 me.
695 4222 823 4286 Deinde
855 4223 1009 4309 sequitur,
1042 4231 1074 4287 et
1109 4221 1188 4287 dioit

73 4313 236 4378 Dominus
262 4311 302 4375 de
326 4309 413 4374 falsis
435 4305 638 4373 doctoribus:
659 4307 768 4372 Nolite
791 4308 908 4372 audire
929 4307 1026 4372 uerba
1043 4308 1187 4393 prophe·
