2812 4830
193 348 228 398 84
381 347 433 397 DE
451 344 610 396 UNITATE
629 343 836 396 accessise
856 342 1136 398 CONSERVANDA.

193 523 323 574 audacter
342 518 446 586 expetit,
470 535 525 569 non
543 517 662 583 requirit,
686 517 733 570 secl
752 524 875 570 ornatum
893 517 1011 570 moribus
1030 524 1056 570 ct
1073 518 1104 570 in
1122 518 1212 571 cerlis
1230 519 1310 570 undi-

194 615 257 657 ruu.
292 587 350 652 Ille
371 595 480 651 autem
502 607 599 670 saepe
627 587 732 649 dictus
756 586 834 652 Otto
856 586 1110 671 praecipitanter
1131 586 1267 651 ambivit
1285 596 1311 652 et

193 673 314 736 invasit
329 671 438 736 sedem
453 668 674 756 apostolicam,
696 692 774 734 usus
789 691 888 734 manu
906 680 938 735 et
952 669 1075 734 auxilio
1089 671 1309 757 pessimorum,

194 756 282 843 apud
304 777 386 842 quos
408 775 468 819 nee
483 753 664 818 divinarum
686 776 746 819 nec
760 753 976 818 humanarum
990 753 1077 819 valet
1097 752 1224 842 aliquid
1245 776 1311 818 con-

195 841 318 906 stitutio
329 840 446 925 legum.
471 838 699 923 Symmachus¹
715 859 810 924 papa,
824 836 967 922 generali
982 837 1172 924 praesidens
1184 838 1311 925 synodo,

195 925 291 989 dlxii:
314 937 424 1006 Siquis,
439 953 517 1004 popo
529 935 689 1002 superstitc⁸
707 943 732 988 et
749 953 779 988 eo
800 934 955 1001 inconsulto,
975 943 1023 989 out
1034 934 1254 1004 subsumpticnem
1266 953 1311 1002 pro

195 1016 316 1066 Romano
345 1010 504 1078 pontificatu
533 1010 697 1062 commodare
728 1015 777 1060 out
800 1026 853 1076 pro
880 1005 956 1062 altor
976 1011 1132 1078 promittere
1156 1019 1206 1061 out
1228 1027 1312 1062 soora

195 1095 311 1140 mentum
330 1085 461 1152 praebere
487 1083 652 1150 temptauerit
678 1089 725 1133 cut
745 1083 855 1149 olicuccl
874 1093 942 1137 certe
962 1084 1122 1153 euffrupiurn
1136 1084 1260 1151 polliceri
1277 1085 1312 1134 ccl

195 1163 228 1214 dc
247 1162 297 1213 leuc
316 1176 401 1213 causo
414 1157 532 1224 miratio
551 1154 738 1208 conventiculis
749 1157 836 1223 foetis
855 1155 1002 1210 deliberare
1020 1157 1126 1224 aliquid
1145 1163 1215 1208 out⁰
1233 1157 1313 1208 cau·

195 1261 258 1296 nere
273 1240 484 1310 praesumpserit
492 1235 515 1303 d,
535 1239 585 1290 loci
603 1239 647 1291 sui
665 1236 793 1305 dipnitute
812 1241 854 1291 rel
872 1240 1052 1292 communione
1066 1240 1203 1306 privetur.
1233 1223 1312 1288 Ecce

195 1320 304 1377 autem
332 1310 366 1372 in
395 1309 530 1394 privatis
561 1305 794 1371 conventiculis
821 1308 930 1392 agitur
957 1307 997 1372 de
1018 1307 1214 1407 pontificatu
1235 1307 1313 1372 sedis

195 1392 405 1480 apostolicas,
435 1413 518 1477 quae
545 1390 605 1455 sub
635 1388 849 1455 Hildcbranto
879 1401 965 1456 certe
994 1392 1124 1457 videtur
1149 1391 1314 1478 privilegia

197 1480 354 1565 primatus
377 1476 426 1540 sui
440 1475 596 1556 amisisse,
619 1496 691 1538 cum
707 1476 777 1560 ipse
792 1475 930 1542 voluerit
950 1497 1017 1540 non
1031 1476 1121 1562 apud
1135 1497 1220 1558 eam,
1240 1497 1314 1562 quae

196 1572 299 1627 mater
320 1569 370 1624 est
391 1560 533 1624 omnium
555 1558 773 1641 ecclesiarum,
796 1559 901 1626 sedin
917 1570 1009 1647 parte
1030 1581 1164 1625 suorum
1187 1582 1258 1624 esse
1271 1561 1314 1624 ius

196 1654 455 1734 potestatemque
481 1641 647 1707 iudicandi
674 1664 738 1707 non
766 1642 870 1707 solum
892 1643 933 1708 dc
955 1666 1151 1732 unaquaque
1173 1643 1315 1727 ecclesia,

197 1731 255 1797 sed
284 1729 324 1793 de
354 1728 427 1876 ipsa
453 1735 583 1814 quoque
603 1728 749 1791 Romana
766 1729 910 1795 ecclesia.
945 1728 1101 1815 Ideoque,
1125 1730 1214 1794 sicut
1233 1728 1314 1794 Lec²

182 1836 283 1901 ‚papa
306 1813 370 1878 scri
393 1813 418 1876 it
439 1822 472 1876 et
492 1809 650 1876 catholica
670 1810 808 1876 ecclesia
822 1814 994 1878 consentit:
1015 1826 1192 1896 Paululum
1210 1834 1316 1882 unctu

197 1904 303 1957 omnino
329 1901 457 1967 omittere,
483 1901 530 1968 qui
543 1901 678 1969 permisso
696 1901 748 1953 cili
766 1902 885 1954 olutitur
897 1909 1037 1970 potestate.

282 1971 334 2037 ⁶24.
372 1970 460 2035 Ecce
482 1970 568 2037 enim
589 1971 677 2034 idem
693 1968 889 2036 Hildebrant
903 1969 1128 2035 coloniensem
1152 1966 1316 2033 ecclesiam

198 2056 264 2121 suis
304 2075 434 2142 quoque
472 2052 653 2139 privilegiis
685 2053 846 2140 spoliavit,
884 2056 941 2141 qui
972 2054 1135 2138 Hartvigo
1168 2051 1316 2138 Magada·

196 2140 369 2225 burgensis
402 2137 559 2204 ecclesiae
589 2139 741 2224 episcopo
776 2137 837 2203 hoc
867 2140 1027 2204 concessit
1058 2148 1091 2204 et
1123 2136 1188 2202 hoc
1221 2137 1317 2216 iussit,

197 2233 234 2289 ut
260 2225 414 2290 terminos
443 2232 572 2309 patrum
601 2221 889 2307 transgrediendo⁰
918 2223 1086 2288 invaderet
1117 2222 1316 2308 parrochiam

197 2307 329 2374 alterius
351 2306 588 2392 metropolitani
609 2307 753 2391 episcopi
776 2316 809 2371 et
824 2305 988 2372 ordinaret
1009 2308 1204 2391 episcopum
1227 2325 1317 2392 quen·

198 2393 275 2457 dam
297 2390 539 2476 Reginhardum
560 2391 595 2453 in
616 2389 778 2454 Mindensi
800 2390 953 2455 ecelesia³
976 2390 1018 2455 ad
1045 2399 1269 2475 contemptum
1291 2396 1319 2452 et

199 2477 241 2541 ad
262 2476 412 2539 iniuriam
436 2473 583 2558 Sigiwini
605 2473 806 2539 Coloniensis
828 2474 1075 2560 archiepiscopi.
1128 2474 1204 2539 Hoc
1228 2474 1318 2539 etiam

199 2556 350 2645 exemplo
365 2566 561 2621 memoratus
577 2555 654 2622 Otto
670 2560 842 2644 episcopus
858 2559 971 2625 Ostiae
985 2559 1212 2644 Moguntinam
1227 2556 1318 2622 eccle·

200 2646 282 2708 siam
311 2641 379 2705 suis
431 2662 538 2726 noque
566 2640 745 2728 privilegiis
774 2640 925 2728 spoliavit
951 2652 1049 2730 atque
1069 2643 1141 2729 ipse
1163 2653 1317 2727 transgre

199 2725 316 2792 diendo
340 2663 436 2788 sirmii
449 2726 602 2790 terminos
623 2735 750 2811 patrum
772 2727 975 2812 parrochiam
997 2725 1239 2812 metropolitani
1260 2726 1319 2826 epi-

199 2810 291 2894 scopi
313 2810 433 2874 invasit
454 2818 487 2874 et
507 2809 548 2873 ad
571 2820 788 2896 contemptum
810 2820 907 2898 atque
929 2811 972 2875 ad
993 2812 1143 2875 iniuriam
1166 2810 1319 2878 Wezehni

199 2894 433 2980 archiepiscopi
454 2891 683 2959 (iebehardum
705 2895 867 2981 quendam
881 2897 915 2960 in
931 2896 1171 2961 constantiensi
1190 2894 1319 2961 ecclesia

200 2980 388 3064 episcopum
411 2979 581 3061 ordinavit,
603 3000 678 3044 cum
700 2979 807 3043 adhuc
828 2981 924 3044 etiam
946 2981 1082 3045 vixisset
1100 2979 1178 3045 Otto
1202 2981 1319 3067 episco-

199 3083 261 3149 pus
290 3064 392 3148 ipsius
415 3062 670 3128 Constantiensis
700 3063 871 3147 ecelesiae3
899 3064 956 3129 sed
982 3065 1047 3129 iam
1093 3063 1199 3128 ridem
1221 3066 1263 3128 ab
1284 3085 1318 3128 ea

199 3146 356 3234 expulsus
378 3158 426 3212 est
447 3149 612 3232 iniuriose,
635 3147 712 3234 quia
733 3147 837 3213 noluit
856 3149 892 3212 in
912 3159 1004 3234 parte
1026 3087 1234 3214 Hildebranti
1255 3169 1319 3214 esse

199 3241 233 3296 et
255 3255 324 3298 esse
340 3233 574 3297 communionis
597 3242 760 3298 externae.
795 3232 851 3297 Sic
866 3255 942 3298 vero
965 3242 1148 3298 sanctorum
1165 3253 1319 3298 canonum

199 3317 329 3402 regulae
359 3315 583 3380 custodiuntur
611 3326 645 3382 et
671 3317 835 3381 observari
861 3315 1054 3382 mandantur
1074 3315 1126 3383 vel
1147 3316 1190 3382 ab
1213 3317 1319 3382 Hilde-

199 3400 315 3466 branto
343 3400 395 3465 vel
422 3399 464 3463 ab
493 3399 623 3480 ottone,
673 3423 709 3464 ro
739 3402 857 3489 quibus
885 3423 953 3484 vos,
1003 3401 1037 3464 ui
1056 3400 1194 3466 'habetis
1220 3404 1318 3466 zelum

200 3506 356 3565 amarum,
387 3482 535 3548 occiditis
563 3491 595 3548 et
620 3423 740 3562 aciatis,
768 3485 902 3573 litigatis
928 3493 961 3551 et
982 3424 1195 3570 helligeratis,
1221 3508 1263 3551 ne
1284 3485 1320 3550 sit

200 3569 282 3633 alius
314 3567 461 3654 pontifex
491 3566 576 3631 sedis
608 3567 812 3654 apostolicae,
844 3570 907 3635 nisi
938 3592 997 3656 per
1026 3591 1122 3655 quem
1152 3569 1319 3657 disciplina

202 3651 358 3716 ecclesiae
380 3660 542 3716 evertatur
564 3661 594 3716 et
616 3653 670 3738 qui
693 3664 804 3719 contra
825 3657 1047 3719 auctoritatem
1062 3654 1198 3718 Domini
1214 3657 1319 3720 venire

201 3735 361 3815 videatur,
382 3736 496 3799 utiam
513 3737 662 3802 omuibus
676 3737 823 3802 hereticis
845 3738 952 3804 aditus
973 3740 1133 3825 ianuaque
1151 3741 1318 3825 pandatur.

202 3924 226 3977 a)
242 3925 352 3965 incolumi
368 3924 411 3966 del.
471 3925 495 3976 b)
511 3929 607 3977 pittacio
623 3929 669 3970 Get.
730 3927 1095 3980 c)c1s11b.etquedecern.eu.
1164 3930 1188 3982 d)
1205 3932 1263 3972 deest
1278 3930 1318 3972 ou.

202 3983 223 4036 e)
239 3996 262 4035 p.
280 3988 308 4024 tr.
325 3987 417 4034 patrum
432 3985 480 4028 inv.
500 3989 520 4026 1.

204 4153 230 4216 1)
251 4152 397 4204 Decretum
415 4153 545 4218 synodale
565 4156 719 4220 Symmachi
738 4172 835 4222 pupae,
854 4155 932 4207 Thiel
950 4157 973 4219 Ι,
992 4175 1019 4224 p.
1034 4157 1094 4211 646.
1154 4159 1182 4223 2)
1202 4159 1319 4210 Decreta

202 4225 303 4276 Leonis
322 4226 356 4276 ad
377 4229 460 4293 episc.
481 4227 600 4279 diversos
619 4245 663 4294 ap.
682 4230 843 4281 Hinschium
862 4248 888 4298 p.
906 4230 967 4281 614.
1025 4229 1055 4295 3)
1076 4231 1118 4283 cf.
1137 4231 1208 4282 Anu.
1222 4233 1318 4298 Yburg.

203 4298 328 4363 a.1080,
349 4300 397 4352 SS.
417 4300 488 4364 XVI,
512 4319 539 4367 p.
560 4300 623 4353 437.
