2812 4830
255 373 307 426 XX
710 370 927 424 PRAEFATIO.

255 540 391 625 loupius
411 540 593 624 supositam
616 549 843 625 arpumcutum
863 541 1047 624 supensus
1069 540 1241 624 epistulae.
1278 540 1369 608 Ouiu

256 623 414 709 refutatio
431 625 540 708 primi
559 622 639 687 libri
663 632 708 685 est
730 633 965 709 arpumcntum.

348 707 518 772 Videamus
540 728 626 771 nunc
674 707 932 773 raeclarissimos
952 709 1128 791 scriptores
1141 707 1235 771 illius
1250 710 1369 790 aetatis,

257 793 316 877 qui
342 794 379 856 in
405 813 526 878 99999
556 789 613 855 illo
634 729 776 856 discidio
805 797 892 857 inter
912 814 947 856 re
971 814 1018 856 em
1048 815 1086 855 ac
1102 813 1237 877 papam
1258 792 1300 856 ab
1322 791 1369 856 illo

257 875 405 957 stabant,
458 897 576 939 uorum
606 875 667 940 alii
694 877 780 940 idem
809 877 895 960 9999
962 875 1123 940 altramus
1152 875 1285 957 dicunt,
1318 873 1370 941 olii

256 960 347 1043 9999
373 899 571 1024 Wallramus
596 960 746 1044 disputat
772 961 867 1024 uoois
890 962 1002 1024 cuusis
1027 969 1057 1023 et
1084 961 1368 1045 9999991999-

257 1043 421 1108 roborant.
465 1043 514 1107 Ac
544 1045 703 1128 princeps
735 1045 865 1127 quidem
902 1045 1047 1108 omuium
1076 1044 1368 1109 commemorandus

257 1137 303 1191 est
340 1128 509 1193 Weuricus
546 1129 751 1192 treverensis
787 1129 825 1191 in
857 1127 1000 1212 epistula
1033 1127 1225 1193 Cllseoderici
1264 1127 1368 1194 liudis

256 1215 369 1278 nensis
389 1212 538 1297 episcopi
560 1212 606 1275 od
629 1209 824 1296 Greporium
840 1234 982 1296 papam,
1032 1213 1070 1276 ui
1090 1213 1128 1276 iu
1149 1211 1263 1277 msdtis
1284 1212 1368 1276 relus

257 1296 355 1360 aliter
388 1319 427 1360 ac
469 1294 669 1360 Waltramus
702 1297 859 1380 disputat.
914 1234 1043 1360 Deinde
1075 1295 1192 1359 Petrus
1228 1295 1368 1374 Crassus,

279 1381 326 1443 ui
348 1381 386 1443 iu
421 1380 543 1463 scripto
582 1401 641 1443 suo
681 1380 889 1460 demonstrat,
924 1378 1120 1466 Greporium
1152 1401 1288 1463 papam
1325 1381 1368 1444 ius

258 1403 494 1527 lercditarium
527 1463 788 1527 institutionibus
813 1465 977 1529 Romanis
1007 1473 1157 1528 saucium
1182 1463 1369 1528 violasses

259 1569 294 1611 eo
333 1547 400 1610 uod
416 1549 742 1611 encommuuicauerit
758 1570 866 1634 sepem
881 1549 1062 1613 Henricum
1085 1570 1208 1611 omnem
1231 1548 1369 1612 ordiuen

258 1569 383 1716 1999999
415 1633 622 1694 coustitutum
659 1641 796 1696 euertere
834 1634 960 1697 conari.
1011 1631 1084 1695 Iam
1117 1632 1288 1696 Henricus
1321 1650 1370 1694 mn

257 1715 330 1800 ipse
350 1716 388 1778 iu
407 1715 549 1798 epistula
565 1715 610 1778 od
626 1713 844 1801 (19999999ι
862 1718 918 1780 ius
932 1737 1028 1779 suum
1042 1716 1128 1779 tueri
1151 1738 1190 1778 99
1206 1714 1370 1800 defendere

259 1798 299 1862 ab
322 1800 522 1884 arropautia
544 1821 661 1883 papae
689 1809 829 1864 conatur
857 1809 886 1862 et
911 1800 1011 1880 docet,
1027 1800 1210 1883 potentiam
1241 1819 1371 1864 suamc

258 1881 348 1948 nullo
371 1885 441 1947 nisi
461 1906 482 1946 a
498 1883 569 1947 Deo
591 1907 607 1948 9
628 1883 782 1948 manibus
804 1886 874 1948 suis
888 1885 977 1968 eripi
984 1904 1094 1967 posse.
1124 1883 1215 1948 Idem
1230 1884 1371 1969 queritur

257 1969 295 2031 in
325 1967 468 2053 epistula
501 1968 547 2032 ad
575 1971 763 2052 episcopum
792 1968 832 2032 A.
862 1968 901 2032 de
927 1968 1080 2032 iuiuria¹
1109 1989 1193 2052 9999
1228 1970 1313 2032 insit
1340 1967 1370 2030 in

257 2053 588 2116 excommunicatione
611 2075 701 2116 anuo
723 2052 815 2116 1076.
838 2053 937 2116 dicta.
975 2049 1168 2136 Sequuntur
1187 2049 1371 2116 cardinales

257 2135 458 2200 schismatici
465 2146 489 2216 ³,
512 2139 571 2218 qui
587 2137 796 2220 potissimum
818 2136 916 2201 rabo
934 2133 1091 2221 Greporii
1111 2136 1146 2199 1.-
1169 2136 1196 2198 si
1216 2136 1292 2220 quis
1306 2153 1371 2199 vero

256 2240 380 2303 regum,
402 2217 606 2283 sacerdotum
621 2228 693 2283 etc.⁴
716 2220 761 2283 ad
776 2221 958 2285 Henricum
979 2241 1085 2305 99999
1096 2221 1266 2304 pertinere
1284 2239 1372 2304 posse

259 2311 391 2388 nepaut,
414 2301 603 2387 Sipebertus
619 2300 860 2368 Gemblaceusis
882 2306 918 2367 iu
941 2303 1084 2388 epistula
1106 2310 1221 2368 contra
1237 2303 1374 2368 Passio·

259 2385 320 2450 lem
338 2395 497 2470 popam⁵,
515 2388 578 2535 {pi
604 2388 710 2457 ninas,
727 2387 872 2472 euemplo
888 2387 1065 2453 Sedeciiae
1086 2390 1278 2452 iuramento
1300 2386 1374 2452 solui

256 2490 352 2553 posse
377 2478 487 2555 nepot,
554 2471 609 2534 ido
637 2470 930 2558 osuatmpeustss,
953 2475 1012 2572 999
1035 2469 1100 2536 (ire
1126 2475 1232 2536 orium
1251 2494 1374 2556 papam

255 2555 404 2637 periurii
424 2553 607 2636 insimulat,
637 2555 730 2620 Wido
752 2557 980 2621 Ferrarieusss
991 2568 1011 2618 1.
1032 2594 1072 2604 —
1126 2565 1269 2620 tantem
1294 2553 1373 2621 Wal-

259 2647 385 2702 tramus
407 2660 504 2723 capp.
519 2637 548 2702 5.
572 2649 601 2703 et
622 2640 651 2705 6.
674 2641 796 2721 scribit,
818 2643 854 2705 in
878 2641 940 2705 999
962 2662 998 2704 re
1018 2643 1159 2705 manime
1177 2640 1372 2705 Hildebran·

261 2720 339 2786 dum
367 2724 488 2787 iniuste
516 2727 627 2808 spisse,
656 2725 744 2808 9999
769 2735 884 2789 contra
906 2746 1069 2789 canonum
1091 2725 1221 2788 decretu
1244 2746 1373 2788 accusa·

259 2806 378 2871 tionem
405 2809 437 2869 in
470 2829 577 2892 repam
610 2812 785 2893 accepisset
817 2832 951 2894 999999
984 2811 1296 2873 encommuuicasset
1335 2809 1374 2872 sic

259 2891 358 2955 etiam
380 2894 475 2956 ceteri
501 2894 685 2977 scriptores,
715 2915 795 2977 quos
821 2895 1075 2976 commemoraui,
1104 2893 1143 2957 99
1166 2893 1228 2957 luc
1250 2915 1288 2958 re
1309 2914 1375 2958 cum

261 2995 296 3038 eo
319 2976 535 3040 consentiunt.

344 3059 374 3123 2.
417 3060 529 3124 Altero
556 3058 639 3126 libro
668 3060 868 3126 Waltramus
897 3060 1070 3145 epistulam
1092 3062 1246 3124 mouacli
1269 3063 1372 3125 cuius·

260 3143 347 3219 dam,
370 3147 465 3210 cuius
487 3167 603 3209 nomeu
625 3145 986 3231 999999999,999199.
1020 3146 1111 3210 Haec
1126 3143 1270 3230 praudis
1285 3146 1372 3228 (9.6)

259 3227 413 3312 epistula,
442 3251 526 3314 quae
556 3240 672 3292 contra
703 3228 891 3293 Clementem
943 3251 1043 3313 apum
1073 3228 1177 3312 (9.2)
1207 3238 1236 3293 et
1266 3238 1373 3293 contre

258 3313 387 3398 repiom
408 3320 601 3396 potestatem
626 3319 644 3394 (
645 3335 672 3376 9.
693 3311 733 3376 31
735 3316 752 3392 )
774 3335 840 3396 pro
868 3251 1057 3399 dolosum
1089 3311 1246 3398 Greporii
1276 3319 1321 3396 (9.
1342 3313 1372 3392 6)

259 3398 326 3460 scri
350 3405 386 3458 ta
415 3405 496 3475 erat,
529 3396 617 3458 uenit
644 3417 685 3459 99
712 3397 823 3461 sclicla
854 3397 1087 3462 monachorum
1119 3397 1158 3461 de
1188 3397 1373 3484 Hirsaupie

259 3486 303 3561 (c.
321 3419 397 3560 97).
439 3479 670 3562 Respondetnr
694 3483 731 3543 iu
760 3482 822 3546 lac
852 3481 995 3567 epistula
1023 3481 1214 3560 adomnia,
1237 3481 1373 3566 quaein

265 3561 421 3649 Wipberti
439 3563 581 3649 epistula
594 3565 820 3646 inueniuntur,
835 3567 892 3630 sed
908 3566 980 3652 quis
991 3567 1042 3646 sit,
1059 3567 1117 3648 ait,
1132 3564 1174 3628 ad
1190 3585 1288 3663 quem
1304 3563 1372 3629 sori·

259 3645 324 3727 but,
346 3657 453 3711 textus
474 3649 652 3732 scripturae
673 3670 737 3711 non
758 3649 888 3731 indicat,
912 3671 986 3715 cum
1007 3672 1067 3714 nec
1106 3650 1206 3733 ropri1
1227 3650 1373 3729 nominis,

259 3751 321 3794 nec
353 3731 421 3794 eius
450 3731 492 3796 sd
523 3753 618 3817 quem
651 3732 802 3796 scribitur
834 3732 970 3819 epistola
1000 3671 1150 3799 vocsiuli
1182 3736 1375 3799 mentionem

259 3812 401 3901 aliquam
425 3816 563 3903 scriptor
584 3816 697 3880 fecerit
719 3817 861 3900 (1112).
894 3819 1051 3903 Epistula
1071 3827 1177 3883 autem
1199 3817 1375 3898 Clementis,

262 4025 291 4093 1)
313 4027 404 4078 Bruuo
430 4029 463 4078 de
483 4027 555 4078 bello
575 4028 708 4079 Saronico
729 4043 752 4078 9.
774 4027 823 4091 67;
851 4026 922 4078 Jaffs
943 4029 975 4091 V,
1004 4044 1031 4093 p.
1051 4027 1113 4078 102.
1197 4025 1228 4093 2)
1256 4027 1330 4080 Jaffs
1347 4027 1376 4090 V,

260 4116 284 4165 p.
302 4098 364 4149 107.
379 4099 442 4151 108.
508 4101 536 4165 3)
557 4099 717 4163 Sudsndorf,
733 4101 886 4166 Registrum
907 4101 945 4166 11,
965 4119 991 4168 p.
1006 4101 1125 4153 61-67.
1200 4101 1229 4164 4)
1249 4102 1322 4153 Jaffs
1340 4101 1376 4162 11,

260 4189 286 4240 p.
299 4173 369 4236 4563
388 4173 431 4224 Dc
450 4175 552 4225 unitate
573 4174 641 4225 scol.
662 4189 735 4226 cons.
753 4174 834 4234 1,11.
901 4172 930 4241 5)
949 4173 1020 4226 Jaffs
1030 4175 1064 4239 V,
1083 4191 1110 4242 p.
1127 4173 1189 4225 213.
1261 4176 1290 4240 6)
1310 4175 1376 4226 Ibid.

260 4262 286 4312 p.
310 4245 464 4297 342-345.
541 4245 569 4311 7)
589 4247 639 4300 SS.
658 4247 723 4310 XII,
744 4264 769 4314 p.
792 4247 853 4298 171.
