<?xml version="1.0" encoding="UTF-8"?>
<!DOCTYPE html PUBLIC "-//W3C//DTD XHTML 1.0 Transitional//EN"
    "http://www.w3.org/TR/xhtml1/DTD/xhtml1-transitional.dtd">
<html xmlns="http://www.w3.org/1999/xhtml" xml:lang="en" lang="en">
 <head>
  <title>
</title>
<meta http-equiv="Content-Type" content="text/html;charset=utf-8" />
  <meta name='ocr-system' content='tesseract 3.04.00' />
  <meta name='ocr-capabilities' content='ocr_page ocr_carea ocr_par ocr_line ocrx_word'/>
</head>
<body>
  <div class='ocr_page' id='page_1' title='image "./waltramiutvidet00schwgoog_0097.png"; bbox 0 0 2812 4830; ppageno 0'>
   <div class='ocr_carea' id='block_1_1' title="bbox 231 371 1170 425">
    <p class='ocr_par' dir='ltr' id='par_1_1' title="bbox 231 371 1170 425">
     <span class='ocr_line' id='line_1_1' title="bbox 231 371 1170 425; baseline 0.001 -3"><span class='ocrx_word' id='word_1_1' title='bbox 231 373 267 422; x_wconf 82' lang='lat' dir='ltr'>to</span> <span class='ocrx_word' id='word_1_2' title='bbox 415 371 466 422; x_wconf 77' lang='lat' dir='ltr'>DE</span> <span class='ocrx_word' id='word_1_3' title='bbox 486 371 645 424; x_wconf 70' lang='lat' dir='ltr'>numeru</span> <span class='ocrx_word' id='word_1_4' title='bbox 665 372 871 425; x_wconf 71' lang='lat' dir='ltr'>acconem}</span> <span class='ocrx_word' id='word_1_5' title='bbox 891 371 1170 424; x_wconf 77' lang='lat' dir='ltr'>CONSERVANDA.</span> 
     </span>
    </p>
   </div>
   <div class='ocr_carea' id='block_1_2' title="bbox 230 537 1354 626">
    <p class='ocr_par' dir='ltr' id='par_1_2' title="bbox 230 537 1354 626">
     <span class='ocr_line' id='line_1_2' title="bbox 230 537 1354 626; baseline 0.003 -21"><span class='ocrx_word' id='word_1_6' title='bbox 230 541 304 605; x_wconf 88' lang='lat' dir='ltr'>dem</span> <span class='ocrx_word' id='word_1_7' title='bbox 325 540 437 605; x_wconf 87' lang='lat' dir='ltr'>castris</span> <span class='ocrx_word' id='word_1_8' title='bbox 459 538 629 626; x_wconf 84' lang='lat' dir='ltr'>Egberdus</span> <span class='ocrx_word' id='word_1_9' title='bbox 648 538 793 604; x_wconf 89' lang='lat' dir='ltr'>marchio</span> <span class='ocrx_word' id='word_1_10' title='bbox 821 549 854 605; x_wconf 89' lang='lat' dir='ltr'>et</span> <span class='ocrx_word' id='word_1_11' title='bbox 873 539 931 604; x_wconf 91' lang='lat' dir='ltr'>filii</span> <span class='ocrx_word' id='word_1_12' title='bbox 954 537 1017 602; x_wconf 90' lang='lat' dir='ltr'>duo</span> <span class='ocrx_word' id='word_1_13' title='bbox 1040 538 1172 605; x_wconf 89' lang='lat' dir='ltr'>Ottonis</span> <span class='ocrx_word' id='word_1_14' title='bbox 1195 541 1354 608; x_wconf 86' lang='lat' dir='ltr'>Bavariae</span> 
     </span>
    </p>
   </div>
   <div class='ocr_carea' id='block_1_3' title="bbox 63 622 1353 3403">
    <p class='ocr_par' dir='ltr' id='par_1_3' title="bbox 115 622 1353 1145">
     <span class='ocr_line' id='line_1_3' title="bbox 230 622 1353 726; baseline 0.003 -38"><span class='ocrx_word' id='word_1_15' title='bbox 230 624 392 710; x_wconf 89' lang='lat' dir='ltr'>quondam</span> <span class='ocrx_word' id='word_1_16' title='bbox 414 624 516 707; x_wconf 87' lang='lat' dir='ltr'>ducis,</span> <span class='ocrx_word' id='word_1_17' title='bbox 539 623 649 711; x_wconf 88' lang='lat' dir='ltr'>quales</span> <span class='ocrx_word' id='word_1_18' title='bbox 671 623 749 688; x_wconf 89' lang='lat' dir='ltr'>dicit</span> <span class='ocrx_word' id='word_1_19' title='bbox 769 624 930 688; x_wconf 87' lang='lat' dir='ltr'>Dominus</span> <span class='ocrx_word' id='word_1_20' title='bbox 957 645 1016 709; x_wconf 88' lang='lat' dir='ltr'>per</span> <span class='ocrx_word' id='word_1_21' title='bbox 1036 622 1193 688; x_wconf 89' lang='lat' dir='ltr'>Hesaiam</span> <span class='ocrx_word' id='word_1_22' title='bbox 1216 627 1353 726; x_wconf 90' lang='lat' dir='ltr'>prophe-</span> 
     </span>
     <span class='ocr_line' id='line_1_4' title="bbox 115 706 1352 796; baseline 0.002 -22"><span class='ocrx_word' id='word_1_23' title='bbox 115 719 295 774; x_wconf 65' lang='lat' dir='ltr'>anet-tam</span> <span class='ocrx_word' id='word_1_24' title='bbox 316 707 502 794; x_wconf 89' lang='lat' dir='ltr'>praevalere</span> <span class='ocrx_word' id='word_1_25' title='bbox 523 718 655 795; x_wconf 91' lang='lat' dir='ltr'>propter</span> <span class='ocrx_word' id='word_1_26' title='bbox 674 717 809 793; x_wconf 89' lang='lat' dir='ltr'>peccata</span> <span class='ocrx_word' id='word_1_27' title='bbox 829 706 1040 794; x_wconf 91' lang='lat' dir='ltr'>populorum:</span> <span class='ocrx_word' id='word_1_28' title='bbox 1062 709 1170 791; x_wconf 85' lang='lat' dir='ltr'>Dabo,</span> <span class='ocrx_word' id='word_1_29' title='bbox 1192 709 1352 796; x_wconf 81' lang='lat' dir='ltr'>inquiens,</span> 
     </span>
     <span class='ocr_line' id='line_1_5' title="bbox 226 791 1352 879; baseline 0.001 -21"><span class='ocrx_word' id='word_1_30' title='bbox 226 815 349 878; x_wconf 81' lang='lat' dir='ltr'>pueros</span> <span class='ocrx_word' id='word_1_31' title='bbox 394 795 539 879; x_wconf 80' lang='lat' dir='ltr'>rincipea</span> <span class='ocrx_word' id='word_1_32' title='bbox 561 815 679 858; x_wconf 82' lang='lat' dir='ltr'>eorum.</span> <span class='ocrx_word' id='word_1_33' title='bbox 724 791 876 857; x_wconf 83' lang='lat' dir='ltr'>Ceterum</span> <span class='ocrx_word' id='word_1_34' title='bbox 898 793 989 856; x_wconf 90' lang='lat' dir='ltr'>curia</span> <span class='ocrx_word' id='word_1_35' title='bbox 1015 791 1084 856; x_wconf 89' lang='lat' dir='ltr'>sive</span> <span class='ocrx_word' id='word_1_36' title='bbox 1129 791 1264 858; x_wconf 91' lang='lat' dir='ltr'>alatium</span> <span class='ocrx_word' id='word_1_37' title='bbox 1286 804 1352 859; x_wconf 87' lang='lat' dir='ltr'>erat</span> 
     </span>
     <span class='ocr_line' id='line_1_6' title="bbox 229 815 1350 965; baseline 0.003 -25"><span class='ocrx_word' id='word_1_38' title='bbox 229 877 316 964; x_wconf 93' lang='lat' dir='ltr'>apud</span> <span class='ocrx_word' id='word_1_39' title='bbox 337 816 533 962; x_wconf 62' lang='lat' dir='ltr'>Hidrtvigum</span> <span class='ocrx_word' id='word_1_40' title='bbox 560 876 684 941; x_wconf 91' lang='lat' dir='ltr'>dictum</span> <span class='ocrx_word' id='word_1_41' title='bbox 710 876 744 940; x_wconf 88' lang='lat' dir='ltr'>M</span> <span class='ocrx_word' id='word_1_42' title='bbox 788 875 1021 960; x_wconf 87' lang='lat' dir='ltr'>adaburgensis</span> <span class='ocrx_word' id='word_1_43' title='bbox 1051 815 1205 942; x_wconf 80' lang='lat' dir='ltr'>eeclesiae</span> <span class='ocrx_word' id='word_1_44' title='bbox 1228 879 1350 965; x_wconf 90' lang='lat' dir='ltr'>episco-</span> 
     </span>
     <span class='ocr_line' id='line_1_7' title="bbox 252 958 1348 1048; baseline 0.003 -24"><span class='ocrx_word' id='word_1_45' title='bbox 252 982 316 1043; x_wconf 91' lang='lat' dir='ltr'>um,</span> <span class='ocrx_word' id='word_1_46' title='bbox 339 961 408 1027; x_wconf 89' lang='lat' dir='ltr'>sive</span> <span class='ocrx_word' id='word_1_47' title='bbox 429 963 517 1047; x_wconf 89' lang='lat' dir='ltr'>apud</span> <span class='ocrx_word' id='word_1_48' title='bbox 538 960 741 1025; x_wconf 87' lang='lat' dir='ltr'>Burcardum</span> <span class='ocrx_word' id='word_1_49' title='bbox 796 958 1059 1025; x_wconf 70' lang='lat' dir='ltr'>alberstatensem</span> <span class='ocrx_word' id='word_1_50' title='bbox 1082 963 1283 1048; x_wconf 88' lang='lat' dir='ltr'>episcopum,</span> <span class='ocrx_word' id='word_1_51' title='bbox 1305 973 1348 1042; x_wconf 89' lang='lat' dir='ltr'>ut,</span> 
     </span>
     <span class='ocr_line' id='line_1_8' title="bbox 228 983 1347 1145; baseline 0.003 -36"><span class='ocrx_word' id='word_1_52' title='bbox 228 983 307 1110; x_wconf 76' lang='lat' dir='ltr'>dum</span> <span class='ocrx_word' id='word_1_53' title='bbox 329 1045 475 1145; x_wconf 90' lang='lat' dir='ltr'>episcopi</span> <span class='ocrx_word' id='word_1_54' title='bbox 488 1046 684 1111; x_wconf 89' lang='lat' dir='ltr'>transferunt</span> <span class='ocrx_word' id='word_1_55' title='bbox 698 1043 839 1108; x_wconf 90' lang='lat' dir='ltr'>studium</span> <span class='ocrx_word' id='word_1_56' title='bbox 861 1053 958 1130; x_wconf 89' lang='lat' dir='ltr'>atque</span> <span class='ocrx_word' id='word_1_57' title='bbox 973 1043 1174 1130; x_wconf 83' lang='lat' dir='ltr'>disciplinam</span> <span class='ocrx_word' id='word_1_58' title='bbox 1192 1046 1347 1112; x_wconf 88' lang='lat' dir='ltr'>ecclesiae</span> 
     </span>
    </p>

    <p class='ocr_par' dir='ltr' id='par_1_4' title="bbox 150 1127 1347 1468">
     <span class='ocr_line' id='line_1_9' title="bbox 228 1127 1347 1216; baseline 0.004 -23"><span class='ocrx_word' id='word_1_59' title='bbox 228 1129 271 1193; x_wconf 89' lang='lat' dir='ltr'>ad</span> <span class='ocrx_word' id='word_1_60' title='bbox 297 1150 428 1213; x_wconf 87' lang='lat' dir='ltr'>cunam,</span> <span class='ocrx_word' id='word_1_61' title='bbox 459 1151 541 1216; x_wconf 89' lang='lat' dir='ltr'>quae</span> <span class='ocrx_word' id='word_1_62' title='bbox 567 1129 685 1194; x_wconf 89' lang='lat' dir='ltr'>dicitur</span> <span class='ocrx_word' id='word_1_63' title='bbox 712 1151 732 1193; x_wconf 91' lang='lat' dir='ltr'>a</span> <span class='ocrx_word' id='word_1_64' title='bbox 760 1149 883 1212; x_wconf 90' lang='lat' dir='ltr'>cruore,</span> <span class='ocrx_word' id='word_1_65' title='bbox 910 1129 1141 1215; x_wconf 88' lang='lat' dir='ltr'>praedicantes,</span> <span class='ocrx_word' id='word_1_66' title='bbox 1173 1127 1296 1194; x_wconf 92' lang='lat' dir='ltr'>bonum</span> <span class='ocrx_word' id='word_1_67' title='bbox 1318 1143 1347 1197; x_wconf 90' lang='lat' dir='ltr'>et</span> 
     </span>
     <span class='ocr_line' id='line_1_10' title="bbox 227 1211 1347 1301; baseline 0.003 -24"><span class='ocrx_word' id='word_1_68' title='bbox 227 1213 347 1278; x_wconf 89' lang='lat' dir='ltr'>iustum</span> <span class='ocrx_word' id='word_1_69' title='bbox 374 1236 444 1279; x_wconf 91' lang='lat' dir='ltr'>esse</span> <span class='ocrx_word' id='word_1_70' title='bbox 469 1213 592 1301; x_wconf 87' lang='lat' dir='ltr'>praelia</span> <span class='ocrx_word' id='word_1_71' title='bbox 621 1222 654 1277; x_wconf 91' lang='lat' dir='ltr'>et</span> <span class='ocrx_word' id='word_1_72' title='bbox 681 1212 855 1276; x_wconf 83' lang='lat' dir='ltr'>seditiones</span> <span class='ocrx_word' id='word_1_73' title='bbox 883 1211 953 1277; x_wconf 89' lang='lat' dir='ltr'>fieri</span> <span class='ocrx_word' id='word_1_74' title='bbox 980 1233 1039 1297; x_wconf 92' lang='lat' dir='ltr'>pro</span> <span class='ocrx_word' id='word_1_75' title='bbox 1068 1235 1127 1276; x_wconf 88' lang='lat' dir='ltr'>sua</span> <span class='ocrx_word' id='word_1_76' title='bbox 1153 1223 1256 1298; x_wconf 88' lang='lat' dir='ltr'>parte,</span> <span class='ocrx_word' id='word_1_77' title='bbox 1283 1237 1347 1280; x_wconf 91' lang='lat' dir='ltr'>non</span> 
     </span>
     <span class='ocr_line' id='line_1_11' title="bbox 150 1295 1345 1384; baseline 0 -21"><span class='ocrx_word' id='word_1_78' title='bbox 150 1310 217 1353; x_wconf 78' lang='lat'>²⁰⁸6·</span> <span class='ocrx_word' id='word_1_79' title='bbox 227 1307 398 1363; x_wconf 88' lang='lat' dir='ltr'>vereantur</span> <span class='ocrx_word' id='word_1_80' title='bbox 416 1297 490 1362; x_wconf 90' lang='lat' dir='ltr'>laici</span> <span class='ocrx_word' id='word_1_81' title='bbox 511 1308 542 1364; x_wconf 91' lang='lat' dir='ltr'>et</span> <span class='ocrx_word' id='word_1_82' title='bbox 563 1297 626 1384; x_wconf 89' lang='lat' dir='ltr'>ipsi</span> <span class='ocrx_word' id='word_1_83' title='bbox 641 1296 783 1362; x_wconf 90' lang='lat' dir='ltr'>crudelia</span> <span class='ocrx_word' id='word_1_84' title='bbox 803 1318 909 1381; x_wconf 90' lang='lat' dir='ltr'>agere.</span> <span class='ocrx_word' id='word_1_85' title='bbox 943 1295 1036 1373; x_wconf 90' lang='lat' dir='ltr'>Nam,</span> <span class='ocrx_word' id='word_1_86' title='bbox 1055 1297 1162 1361; x_wconf 88' lang='lat' dir='ltr'>iuncto</span> <span class='ocrx_word' id='word_1_87' title='bbox 1179 1297 1345 1363; x_wconf 84' lang='lat' dir='ltr'>Saxonum</span> 
     </span>
     <span class='ocr_line' id='line_1_12' title="bbox 227 1380 1346 1468; baseline -0.002 -20"><span class='ocrx_word' id='word_1_88' title='bbox 227 1391 261 1448; x_wconf 91' lang='lat' dir='ltr'>et</span> <span class='ocrx_word' id='word_1_89' title='bbox 273 1380 397 1447; x_wconf 83' lang='lat' dir='ltr'>Thurin</span> <span class='ocrx_word' id='word_1_90' title='bbox 422 1405 512 1447; x_wconf 91' lang='lat' dir='ltr'>orum</span> <span class='ocrx_word' id='word_1_91' title='bbox 533 1393 631 1468; x_wconf 88' lang='lat' dir='ltr'>atque</span> <span class='ocrx_word' id='word_1_92' title='bbox 647 1380 826 1446; x_wconf 89' lang='lat' dir='ltr'>Suevorum</span> <span class='ocrx_word' id='word_1_93' title='bbox 845 1382 984 1465; x_wconf 87' lang='lat' dir='ltr'>agmine,</span> <span class='ocrx_word' id='word_1_94' title='bbox 1030 1391 1187 1466; x_wconf 90' lang='lat' dir='ltr'>ugnatum</span> <span class='ocrx_word' id='word_1_95' title='bbox 1202 1392 1253 1447; x_wconf 88' lang='lat' dir='ltr'>est</span> <span class='ocrx_word' id='word_1_96' title='bbox 1273 1391 1346 1446; x_wconf 90' lang='lat' dir='ltr'>tunc</span> 
     </span>
    </p>

    <p class='ocr_par' dir='ltr' id='par_1_5' title="bbox 63 1403 1346 2475">
     <span class='ocr_line' id='line_1_13' title="bbox 227 1403 1346 1553; baseline 0.003 -24"><span class='ocrx_word' id='word_1_97' title='bbox 227 1467 262 1529; x_wconf 91' lang='lat' dir='ltr'>in</span> <span class='ocrx_word' id='word_1_98' title='bbox 289 1467 378 1531; x_wconf 90' lang='lat' dir='ltr'>orien</span> <span class='ocrx_word' id='word_1_99' title='bbox 425 1467 594 1530; x_wconf 80' lang='lat' dir='ltr'>‘Francia</span> <span class='ocrx_word' id='word_1_100' title='bbox 620 1473 732 1529; x_wconf 89' lang='lat' dir='ltr'>contra</span> <span class='ocrx_word' id='word_1_101' title='bbox 759 1465 984 1551; x_wconf 88' lang='lat' dir='ltr'>imperatorem</span> <span class='ocrx_word' id='word_1_102' title='bbox 1007 1403 1209 1530; x_wconf 74' lang='lat' dir='ltr'>llenrichum</span> <span class='ocrx_word' id='word_1_103' title='bbox 1236 1468 1346 1553; x_wconf 89' lang='lat' dir='ltr'>quinta</span> 
     </span>
     <span class='ocr_line' id='line_1_14' title="bbox 227 1548 1345 1649; baseline 0.003 -36"><span class='ocrx_word' id='word_1_104' title='bbox 227 1551 292 1616; x_wconf 90' lang='lat' dir='ltr'>iam</span> <span class='ocrx_word' id='word_1_105' title='bbox 315 1551 423 1632; x_wconf 79' lang='lat' dir='ltr'>vice13</span> <span class='ocrx_word' id='word_1_106' title='bbox 446 1548 487 1613; x_wconf 93' lang='lat' dir='ltr'>de</span> <span class='ocrx_word' id='word_1_107' title='bbox 508 1572 573 1637; x_wconf 91' lang='lat' dir='ltr'>qua</span> <span class='ocrx_word' id='word_1_108' title='bbox 594 1548 717 1615; x_wconf 86' lang='lat' dir='ltr'>seilicet</span> <span class='ocrx_word' id='word_1_109' title='bbox 736 1570 849 1635; x_wconf 89' lang='lat' dir='ltr'>pugna</span> <span class='ocrx_word' id='word_1_110' title='bbox 870 1549 905 1611; x_wconf 93' lang='lat' dir='ltr'>in</span> <span class='ocrx_word' id='word_1_111' title='bbox 926 1549 1135 1649; x_wconf 80' lang='lat' dir='ltr'>sequentibus</span> <span class='ocrx_word' id='word_1_112' title='bbox 1161 1549 1272 1615; x_wconf 90' lang='lat' dir='ltr'>dicere</span> <span class='ocrx_word' id='word_1_113' title='bbox 1294 1551 1345 1616; x_wconf 93' lang='lat' dir='ltr'>de·</span> 
     </span>
     <span class='ocr_line' id='line_1_15' title="bbox 228 1631 1345 1719; baseline 0.003 -21"><span class='ocrx_word' id='word_1_114' title='bbox 228 1635 403 1716; x_wconf 84' lang='lat' dir='ltr'>crevimus,</span> <span class='ocrx_word' id='word_1_115' title='bbox 437 1632 565 1719; x_wconf 90' lang='lat' dir='ltr'>quando</span> <span class='ocrx_word' id='word_1_116' title='bbox 599 1632 639 1697; x_wconf 94' lang='lat' dir='ltr'>de</span> <span class='ocrx_word' id='word_1_117' title='bbox 673 1631 836 1698; x_wconf 88' lang='lat' dir='ltr'>Alberone</span> <span class='ocrx_word' id='word_1_118' title='bbox 869 1631 1155 1718; x_wconf 81' lang='lat' dir='ltr'>Wirtmburgensis</span> <span class='ocrx_word' id='word_1_119' title='bbox 1193 1634 1345 1701; x_wconf 88' lang='lat' dir='ltr'>ecclesiae</span> 
     </span>
     <span class='ocr_line' id='line_1_16' title="bbox 227 1717 1345 1804; baseline 0.001 -22"><span class='ocrx_word' id='word_1_120' title='bbox 227 1718 379 1804; x_wconf 89' lang='lat' dir='ltr'>episcopo</span> <span class='ocrx_word' id='word_1_121' title='bbox 401 1739 483 1804; x_wconf 92' lang='lat' dir='ltr'>quae</span> <span class='ocrx_word' id='word_1_122' title='bbox 504 1717 547 1781; x_wconf 92' lang='lat' dir='ltr'>ad</span> <span class='ocrx_word' id='word_1_123' title='bbox 561 1718 668 1803; x_wconf 92' lang='lat' dir='ltr'>ipsum</span> <span class='ocrx_word' id='word_1_124' title='bbox 705 1738 812 1804; x_wconf 92' lang='lat' dir='ltr'>uoque</span> <span class='ocrx_word' id='word_1_125' title='bbox 826 1718 988 1802; x_wconf 91' lang='lat' dir='ltr'>pertinent</span> <span class='ocrx_word' id='word_1_126' title='bbox 1001 1718 1233 1802; x_wconf 84' lang='lat' dir='ltr'>enarrabimus,</span> <span class='ocrx_word' id='word_1_127' title='bbox 1256 1720 1345 1784; x_wconf 93' lang='lat' dir='ltr'>cuius</span> 
     </span>
     <span class='ocr_line' id='line_1_17' title="bbox 226 1799 1345 1888; baseline 0.002 -23"><span class='ocrx_word' id='word_1_128' title='bbox 226 1802 400 1888; x_wconf 88' lang='lat' dir='ltr'>praecipue</span> <span class='ocrx_word' id='word_1_129' title='bbox 427 1823 525 1867; x_wconf 88' lang='lat' dir='ltr'>causa</span> <span class='ocrx_word' id='word_1_130' title='bbox 551 1812 628 1867; x_wconf 90' lang='lat' dir='ltr'>tunc</span> <span class='ocrx_word' id='word_1_131' title='bbox 656 1824 673 1866; x_wconf 90' lang='lat' dir='ltr'>e</span> <span class='ocrx_word' id='word_1_132' title='bbox 721 1823 775 1865; x_wconf 92' lang='lat' dir='ltr'>sus</span> <span class='ocrx_word' id='word_1_133' title='bbox 803 1810 852 1866; x_wconf 90' lang='lat' dir='ltr'>est</span> <span class='ocrx_word' id='word_1_134' title='bbox 878 1803 1009 1886; x_wconf 89' lang='lat' dir='ltr'>sanguis</span> <span class='ocrx_word' id='word_1_135' title='bbox 1036 1799 1210 1866; x_wconf 89' lang='lat' dir='ltr'>multorum</span> <span class='ocrx_word' id='word_1_136' title='bbox 1233 1803 1267 1866; x_wconf 91' lang='lat' dir='ltr'>in</span> <span class='ocrx_word' id='word_1_137' title='bbox 1289 1805 1345 1867; x_wconf 90' lang='lat' dir='ltr'>cir-</span> 
     </span>
     <span class='ocr_line' id='line_1_18' title="bbox 227 1884 1346 1972; baseline 0.002 -23"><span class='ocrx_word' id='word_1_138' title='bbox 227 1886 315 1951; x_wconf 89' lang='lat' dir='ltr'>cuitu</span> <span class='ocrx_word' id='word_1_139' title='bbox 343 1884 428 1950; x_wconf 90' lang='lat' dir='ltr'>illius</span> <span class='ocrx_word' id='word_1_140' title='bbox 458 1887 606 1964; x_wconf 87' lang='lat' dir='ltr'>civitatis,</span> <span class='ocrx_word' id='word_1_141' title='bbox 636 1887 691 1972; x_wconf 89' lang='lat' dir='ltr'>qui</span> <span class='ocrx_word' id='word_1_142' title='bbox 719 1885 841 1949; x_wconf 87' lang='lat' dir='ltr'>scilicet</span> <span class='ocrx_word' id='word_1_143' title='bbox 868 1886 1207 1972; x_wconf 87' lang='lat' dir='ltr'>sanguisoccisorum</span> <span class='ocrx_word' id='word_1_144' title='bbox 1229 1887 1346 1952; x_wconf 88' lang='lat' dir='ltr'>clamat</span> 
     </span>
     <span class='ocr_line' id='line_1_19' title="bbox 63 1970 1343 2057; baseline 0.005 -27"><span class='ocrx_word' id='word_1_145' title='bbox 63 1987 216 2042; x_wconf 58' lang='lat' dir='ltr'>armasio.</span> <span class='ocrx_word' id='word_1_146' title='bbox 248 1971 462 2036; x_wconf 89' lang='lat' dir='ltr'>uodammodo</span> <span class='ocrx_word' id='word_1_147' title='bbox 500 1971 542 2035; x_wconf 91' lang='lat' dir='ltr'>ad</span> <span class='ocrx_word' id='word_1_148' title='bbox 580 1970 757 2035; x_wconf 90' lang='lat' dir='ltr'>Dominum</span> <span class='ocrx_word' id='word_1_149' title='bbox 798 1989 859 2057; x_wconf 91' lang='lat' dir='ltr'>pro</span> <span class='ocrx_word' id='word_1_150' title='bbox 895 1970 1037 2033; x_wconf 88' lang='lat' dir='ltr'>vindicta</span> <span class='ocrx_word' id='word_1_151' title='bbox 1080 1971 1161 2034; x_wconf 88' lang='lat' dir='ltr'>tanti</span> <span class='ocrx_word' id='word_1_152' title='bbox 1206 1971 1343 2036; x_wconf 89' lang='lat' dir='ltr'>sceleris.</span> 
     </span>
     <span class='ocr_line' id='line_1_20' title="bbox 151 1991 1344 2142; baseline 0.002 -25"><span class='ocrx_word' id='word_1_153' title='bbox 151 1991 400 2141; x_wconf 75' lang='lat' dir='ltr'>sors.Superiore</span> <span class='ocrx_word' id='word_1_154' title='bbox 430 2056 526 2121; x_wconf 92' lang='lat' dir='ltr'>etiam</span> <span class='ocrx_word' id='word_1_155' title='bbox 557 2066 702 2142; x_wconf 90' lang='lat' dir='ltr'>tempore</span> <span class='ocrx_word' id='word_1_156' title='bbox 733 2062 946 2140; x_wconf 85' lang='lat' dir='ltr'>temptaverat</span> <span class='ocrx_word' id='word_1_157' title='bbox 976 2053 1063 2117; x_wconf 88' lang='lat' dir='ltr'>idem</span> <span class='ocrx_word' id='word_1_158' title='bbox 1092 2052 1260 2121; x_wconf 87' lang='lat' dir='ltr'>Adalbero</span> <span class='ocrx_word' id='word_1_159' title='bbox 1293 2079 1344 2120; x_wconf 87' lang='lat' dir='ltr'>ex-</span> 
     </span>
     <span class='ocr_line' id='line_1_21' title="bbox 224 2138 1344 2236; baseline 0 -33"><span class='ocrx_word' id='word_1_160' title='bbox 224 2162 370 2227; x_wconf 88' lang='lat' dir='ltr'>pugnare</span> <span class='ocrx_word' id='word_1_161' title='bbox 401 2141 622 2226; x_wconf 88' lang='lat' dir='ltr'>episcopatum</span> <span class='ocrx_word' id='word_1_162' title='bbox 653 2161 758 2221; x_wconf 91' lang='lat' dir='ltr'>suum,</span> <span class='ocrx_word' id='word_1_163' title='bbox 791 2159 887 2224; x_wconf 92' lang='lat' dir='ltr'>quem</span> <span class='ocrx_word' id='word_1_164' title='bbox 919 2138 981 2203; x_wconf 93' lang='lat' dir='ltr'>sub</span> <span class='ocrx_word' id='word_1_165' title='bbox 1010 2159 1087 2236; x_wconf 88' lang='lat' dir='ltr'>rege</span> <span class='ocrx_word' id='word_1_166' title='bbox 1120 2160 1178 2203; x_wconf 90' lang='lat' dir='ltr'>suo</span> <span class='ocrx_word' id='word_1_167' title='bbox 1207 2139 1344 2205; x_wconf 87' lang='lat' dir='ltr'>Rudolfo</span> 
     </span>
     <span class='ocr_line' id='line_1_22' title="bbox 224 2220 1345 2311; baseline 0.001 -24"><span class='ocrx_word' id='word_1_168' title='bbox 224 2225 367 2311; x_wconf 87' lang='lat' dir='ltr'>recipere</span> <span class='ocrx_word' id='word_1_169' title='bbox 389 2225 540 2308; x_wconf 89' lang='lat' dir='ltr'>cupiebat</span> <span class='ocrx_word' id='word_1_170' title='bbox 561 2232 672 2287; x_wconf 86' lang='lat' dir='ltr'>contra</span> <span class='ocrx_word' id='word_1_171' title='bbox 692 2244 801 2308; x_wconf 85' lang='lat' dir='ltr'>regem</span> <span class='ocrx_word' id='word_1_172' title='bbox 817 2220 1027 2303; x_wconf 88' lang='lat' dir='ltr'>Henrichum,</span> <span class='ocrx_word' id='word_1_173' title='bbox 1049 2221 1211 2308; x_wconf 81' lang='lat' dir='ltr'>1de0que²</span> <span class='ocrx_word' id='word_1_174' title='bbox 1235 2247 1345 2288; x_wconf 89' lang='lat' dir='ltr'>secun-</span> 
     </span>
     <span class='ocr_line' id='line_1_23' title="bbox 225 2304 1345 2392; baseline 0.001 -21"><span class='ocrx_word' id='word_1_175' title='bbox 225 2307 302 2372; x_wconf 90' lang='lat' dir='ltr'>dum</span> <span class='ocrx_word' id='word_1_176' title='bbox 334 2308 398 2371; x_wconf 92' lang='lat' dir='ltr'>iam</span> <span class='ocrx_word' id='word_1_177' title='bbox 431 2305 591 2392; x_wconf 90' lang='lat' dir='ltr'>praelium</span> <span class='ocrx_word' id='word_1_178' title='bbox 626 2319 721 2371; x_wconf 90' lang='lat' dir='ltr'>atrox</span> <span class='ocrx_word' id='word_1_179' title='bbox 755 2307 850 2370; x_wconf 91' lang='lat' dir='ltr'>nimis</span> <span class='ocrx_word' id='word_1_180' title='bbox 887 2314 919 2370; x_wconf 91' lang='lat' dir='ltr'>et</span> <span class='ocrx_word' id='word_1_181' title='bbox 954 2304 1082 2370; x_wconf 90' lang='lat' dir='ltr'>crudele</span> <span class='ocrx_word' id='word_1_182' title='bbox 1117 2317 1345 2391; x_wconf 89' lang='lat' dir='ltr'>pugnaverunt</span> 
     </span>
     <span class='ocr_line' id='line_1_24' title="bbox 226 2390 1343 2475; baseline 0.001 -21"><span class='ocrx_word' id='word_1_183' title='bbox 226 2391 372 2455; x_wconf 84' lang='lat' dir='ltr'>Saxones</span> <span class='ocrx_word' id='word_1_184' title='bbox 395 2400 507 2454; x_wconf 91' lang='lat' dir='ltr'>contra</span> <span class='ocrx_word' id='word_1_185' title='bbox 529 2390 666 2454; x_wconf 91' lang='lat' dir='ltr'>eundem</span> <span class='ocrx_word' id='word_1_186' title='bbox 687 2413 797 2475; x_wconf 89' lang='lat' dir='ltr'>regem</span> <span class='ocrx_word' id='word_1_187' title='bbox 812 2390 1012 2455; x_wconf 88' lang='lat' dir='ltr'>Henrichum</span> <span class='ocrx_word' id='word_1_188' title='bbox 1034 2390 1067 2452; x_wconf 92' lang='lat' dir='ltr'>in</span> <span class='ocrx_word' id='word_1_189' title='bbox 1084 2391 1233 2454; x_wconf 90' lang='lat' dir='ltr'>orientali</span> <span class='ocrx_word' id='word_1_190' title='bbox 1248 2391 1343 2457; x_wconf 84' lang='lat' dir='ltr'>Fran·</span> 
     </span>
    </p>

    <p class='ocr_par' dir='ltr' id='par_1_6' title="bbox 224 2473 1345 3403">
     <span class='ocr_line' id='line_1_25' title="bbox 225 2473 1343 2556; baseline 0.001 -18"><span class='ocrx_word' id='word_1_191' title='bbox 225 2476 276 2539; x_wconf 89' lang='lat' dir='ltr'>cia</span> <span class='ocrx_word' id='word_1_192' title='bbox 284 2484 306 2556; x_wconf 76' lang='lat'>³,</span> <span class='ocrx_word' id='word_1_193' title='bbox 335 2494 418 2538; x_wconf 89' lang='lat' dir='ltr'>anno</span> <span class='ocrx_word' id='word_1_194' title='bbox 445 2473 566 2538; x_wconf 90' lang='lat' dir='ltr'>scilicet</span> <span class='ocrx_word' id='word_1_195' title='bbox 589 2473 681 2539; x_wconf 79' lang='lat'><strong>1078.</strong></span> <span class='ocrx_word' id='word_1_196' title='bbox 703 2474 744 2540; x_wconf 90' lang='lat' dir='ltr'>ab</span> <span class='ocrx_word' id='word_1_197' title='bbox 766 2475 984 2539; x_wconf 84' lang='lat' dir='ltr'>incarnatione</span> <span class='ocrx_word' id='word_1_198' title='bbox 1005 2475 1149 2553; x_wconf 91' lang='lat' dir='ltr'>Domini,</span> <span class='ocrx_word' id='word_1_199' title='bbox 1173 2474 1202 2539; x_wconf 83' lang='lat'>7.</span> <span class='ocrx_word' id='word_1_200' title='bbox 1225 2477 1343 2541; x_wconf 87' lang='lat' dir='ltr'>mensis</span> 
     </span>
     <span class='ocr_line' id='line_1_26' title="bbox 224 2555 1345 2645; baseline 0.001 -22"><span class='ocrx_word' id='word_1_201' title='bbox 224 2556 375 2642; x_wconf 85' lang='lat' dir='ltr'>Augusti,</span> <span class='ocrx_word' id='word_1_202' title='bbox 395 2556 452 2621; x_wconf 91' lang='lat' dir='ltr'>ubi</span> <span class='ocrx_word' id='word_1_203' title='bbox 472 2555 629 2622; x_wconf 88' lang='lat' dir='ltr'>Rudolfus</span> <span class='ocrx_word' id='word_1_204' title='bbox 651 2580 711 2622; x_wconf 87' lang='lat' dir='ltr'>rex</span> <span class='ocrx_word' id='word_1_205' title='bbox 731 2558 860 2642; x_wconf 88' lang='lat' dir='ltr'>fugatus</span> <span class='ocrx_word' id='word_1_206' title='bbox 882 2568 983 2624; x_wconf 90' lang='lat' dir='ltr'>estet</span> <span class='ocrx_word' id='word_1_207' title='bbox 1006 2558 1188 2644; x_wconf 88' lang='lat' dir='ltr'>Sigefridus</span> <span class='ocrx_word' id='word_1_208' title='bbox 1210 2559 1345 2645; x_wconf 90' lang='lat' dir='ltr'>Mogun-</span> 
     </span>
     <span class='ocr_line' id='line_1_27' title="bbox 224 2640 1343 2727; baseline 0.003 -22"><span class='ocrx_word' id='word_1_209' title='bbox 224 2643 311 2706; x_wconf 90' lang='lat' dir='ltr'>tinae</span> <span class='ocrx_word' id='word_1_210' title='bbox 342 2641 496 2706; x_wconf 89' lang='lat' dir='ltr'>eeclesiae</span> <span class='ocrx_word' id='word_1_211' title='bbox 528 2640 786 2727; x_wconf 86' lang='lat' dir='ltr'>archiepiscopus</span> <span class='ocrx_word' id='word_1_212' title='bbox 818 2644 852 2706; x_wconf 94' lang='lat' dir='ltr'>in</span> <span class='ocrx_word' id='word_1_213' title='bbox 883 2642 961 2726; x_wconf 91' lang='lat' dir='ltr'>fuga</span> <span class='ocrx_word' id='word_1_214' title='bbox 993 2652 1107 2726; x_wconf 87' lang='lat' dir='ltr'>captus</span> <span class='ocrx_word' id='word_1_215' title='bbox 1144 2652 1177 2708; x_wconf 89' lang='lat' dir='ltr'>et</span> <span class='ocrx_word' id='word_1_216' title='bbox 1212 2645 1272 2708; x_wconf 86' lang='lat' dir='ltr'>vix</span> <span class='ocrx_word' id='word_1_217' title='bbox 1305 2644 1343 2708; x_wconf 91' lang='lat' dir='ltr'>de</span> 
     </span>
     <span class='ocr_line' id='line_1_28' title="bbox 225 2724 1342 2814; baseline 0.004 -24"><span class='ocrx_word' id='word_1_218' title='bbox 225 2724 398 2810; x_wconf 90' lang='lat' dir='ltr'>suspendio</span> <span class='ocrx_word' id='word_1_219' title='bbox 425 2724 579 2791; x_wconf 91' lang='lat' dir='ltr'>liberatus</span> <span class='ocrx_word' id='word_1_220' title='bbox 600 2736 697 2812; x_wconf 88' lang='lat' dir='ltr'>atque</span> <span class='ocrx_word' id='word_1_221' title='bbox 727 2725 877 2790; x_wconf 89' lang='lat' dir='ltr'>dimissus</span> <span class='ocrx_word' id='word_1_222' title='bbox 899 2737 957 2791; x_wconf 88' lang='lat' dir='ltr'>est.</span> <span class='ocrx_word' id='word_1_223' title='bbox 1000 2725 1188 2791; x_wconf 84' lang='lat' dir='ltr'>Wezelinus</span> <span class='ocrx_word' id='word_1_224' title='bbox 1215 2750 1281 2814; x_wconf 92' lang='lat' dir='ltr'>quo</span> <span class='ocrx_word' id='word_1_225' title='bbox 1305 2751 1342 2794; x_wconf 92' lang='lat' dir='ltr'>ue</span> 
     </span>
     <span class='ocr_line' id='line_1_29' title="bbox 225 2808 1344 2896; baseline 0.002 -22"><span class='ocrx_word' id='word_1_226' title='bbox 225 2808 558 2895; x_wconf 80' lang='lat' dir='ltr'>Parthenopolitanae,</span> <span class='ocrx_word' id='word_1_227' title='bbox 580 2808 642 2875; x_wconf 91' lang='lat' dir='ltr'>hoc</span> <span class='ocrx_word' id='word_1_228' title='bbox 664 2820 713 2876; x_wconf 91' lang='lat' dir='ltr'>est</span> <span class='ocrx_word' id='word_1_229' title='bbox 726 2809 1047 2896; x_wconf 89' lang='lat' dir='ltr'>Magadaburgensis,</span> <span class='ocrx_word' id='word_1_230' title='bbox 1070 2811 1227 2876; x_wconf 88' lang='lat' dir='ltr'>ecclesiae</span> <span class='ocrx_word' id='word_1_231' title='bbox 1244 2835 1300 2878; x_wconf 89' lang='lat' dir='ltr'>are</span> <span class='ocrx_word' id='word_1_232' title='bbox 1322 2814 1344 2876; x_wconf 90' lang='lat' dir='ltr'>i-</span> 
     </span>
     <span class='ocr_line' id='line_1_30' title="bbox 225 2893 1343 2994; baseline 0.002 -36"><span class='ocrx_word' id='word_1_233' title='bbox 225 2893 397 2994; x_wconf 89' lang='lat' dir='ltr'>episcopus</span> <span class='ocrx_word' id='word_1_234' title='bbox 418 2896 451 2959; x_wconf 92' lang='lat' dir='ltr'>in</span> <span class='ocrx_word' id='word_1_235' title='bbox 472 2895 550 2980; x_wconf 83' lang='lat' dir='ltr'>fuga</span> <span class='ocrx_word' id='word_1_236' title='bbox 572 2896 697 2960; x_wconf 90' lang='lat' dir='ltr'>occisus</span> <span class='ocrx_word' id='word_1_237' title='bbox 714 2903 772 2978; x_wconf 91' lang='lat' dir='ltr'>est,</span> <span class='ocrx_word' id='word_1_238' title='bbox 795 2895 1047 2960; x_wconf 86' lang='lat' dir='ltr'>etWerinherus</span> <span class='ocrx_word' id='word_1_239' title='bbox 1069 2894 1343 2983; x_wconf 89' lang='lat' dir='ltr'>Merseburgensis</span> 
     </span>
     <span class='ocr_line' id='line_1_31' title="bbox 225 2977 1343 3067; baseline 0.004 -24"><span class='ocrx_word' id='word_1_240' title='bbox 225 2977 381 3045; x_wconf 82' lang='lat' dir='ltr'>eccleslae</span> <span class='ocrx_word' id='word_1_241' title='bbox 420 2981 592 3067; x_wconf 90' lang='lat' dir='ltr'>episcopus</span> <span class='ocrx_word' id='word_1_242' title='bbox 631 2989 767 3045; x_wconf 92' lang='lat' dir='ltr'>mortem</span> <span class='ocrx_word' id='word_1_243' title='bbox 802 2979 859 3043; x_wconf 87' lang='lat' dir='ltr'>vix</span> <span class='ocrx_word' id='word_1_244' title='bbox 895 2978 1035 3043; x_wconf 86' lang='lat' dir='ltr'>evadens</span> <span class='ocrx_word' id='word_1_245' title='bbox 1071 2980 1176 3045; x_wconf 89' lang='lat' dir='ltr'>nudus</span> <span class='ocrx_word' id='word_1_246' title='bbox 1215 2985 1343 3047; x_wconf 89' lang='lat' dir='ltr'>omnino</span> 
     </span>
     <span class='ocr_line' id='line_1_32' title="bbox 225 3062 1343 3166; baseline 0.004 -39"><span class='ocrx_word' id='word_1_247' title='bbox 225 3064 375 3129; x_wconf 90' lang='lat' dir='ltr'>dimissus</span> <span class='ocrx_word' id='word_1_248' title='bbox 397 3075 455 3147; x_wconf 92' lang='lat' dir='ltr'>est,</span> <span class='ocrx_word' id='word_1_249' title='bbox 479 3074 512 3131; x_wconf 88' lang='lat' dir='ltr'>et</span> <span class='ocrx_word' id='word_1_250' title='bbox 532 3062 734 3130; x_wconf 83' lang='lat' dir='ltr'>Adalberdus</span> <span class='ocrx_word' id='word_1_251' title='bbox 756 3063 1008 3129; x_wconf 89' lang='lat' dir='ltr'>Wormaciensis</span> <span class='ocrx_word' id='word_1_252' title='bbox 1037 3063 1194 3130; x_wconf 89' lang='lat' dir='ltr'>ecclesiae</span> <span class='ocrx_word' id='word_1_253' title='bbox 1222 3069 1343 3166; x_wconf 91' lang='lat' dir='ltr'>episeo-</span> 
     </span>
     <span class='ocr_line' id='line_1_33' title="bbox 224 3143 1344 3237; baseline 0.001 -24"><span class='ocrx_word' id='word_1_254' title='bbox 224 3169 285 3234; x_wconf 89' lang='lat' dir='ltr'>pus</span> <span class='ocrx_word' id='word_1_255' title='bbox 307 3160 421 3237; x_wconf 89' lang='lat' dir='ltr'>captus</span> <span class='ocrx_word' id='word_1_256' title='bbox 442 3160 491 3215; x_wconf 87' lang='lat' dir='ltr'>est</span> <span class='ocrx_word' id='word_1_257' title='bbox 512 3158 545 3213; x_wconf 91' lang='lat' dir='ltr'>et</span> <span class='ocrx_word' id='word_1_258' title='bbox 564 3150 636 3234; x_wconf 88' lang='lat' dir='ltr'>regi</span> <span class='ocrx_word' id='word_1_259' title='bbox 657 3146 822 3212; x_wconf 90' lang='lat' dir='ltr'>Henricho</span> <span class='ocrx_word' id='word_1_260' title='bbox 845 3143 981 3226; x_wconf 88' lang='lat' dir='ltr'>oblatus,</span> <span class='ocrx_word' id='word_1_261' title='bbox 1003 3147 1098 3211; x_wconf 92' lang='lat' dir='ltr'>simul</span> <span class='ocrx_word' id='word_1_262' title='bbox 1123 3157 1155 3213; x_wconf 90' lang='lat' dir='ltr'>et</span> <span class='ocrx_word' id='word_1_263' title='bbox 1177 3149 1344 3214; x_wconf 81' lang='lat' dir='ltr'>Heuman-</span> 
     </span>
     <span class='ocr_line' id='line_1_34' title="bbox 224 3229 1343 3319; baseline -0.001 -22"><span class='ocrx_word' id='word_1_264' title='bbox 224 3255 285 3297; x_wconf 90' lang='lat' dir='ltr'>nus</span> <span class='ocrx_word' id='word_1_265' title='bbox 310 3233 422 3319; x_wconf 85' lang='lat' dir='ltr'>Magni</span> <span class='ocrx_word' id='word_1_266' title='bbox 451 3233 543 3297; x_wconf 91' lang='lat' dir='ltr'>ducis</span> <span class='ocrx_word' id='word_1_267' title='bbox 572 3243 716 3317; x_wconf 88' lang='lat' dir='ltr'>patruus,</span> <span class='ocrx_word' id='word_1_268' title='bbox 745 3253 830 3294; x_wconf 89' lang='lat' dir='ltr'>unus</span> <span class='ocrx_word' id='word_1_269' title='bbox 859 3229 982 3296; x_wconf 89' lang='lat' dir='ltr'>scilicet</span> <span class='ocrx_word' id='word_1_270' title='bbox 1011 3231 1051 3295; x_wconf 90' lang='lat' dir='ltr'>de</span> <span class='ocrx_word' id='word_1_271' title='bbox 1072 3232 1176 3317; x_wconf 92' lang='lat' dir='ltr'>princi</span> <span class='ocrx_word' id='word_1_272' title='bbox 1203 3233 1287 3315; x_wconf 91' lang='lat' dir='ltr'>ibus,</span> <span class='ocrx_word' id='word_1_273' title='bbox 1312 3235 1343 3296; x_wconf 92' lang='lat' dir='ltr'>in</span> 
     </span>
     <span class='ocr_line' id='line_1_35' title="bbox 225 3315 1343 3403; baseline 0.001 -22"><span class='ocrx_word' id='word_1_274' title='bbox 225 3318 343 3403; x_wconf 91' lang='lat' dir='ltr'>quibus</span> <span class='ocrx_word' id='word_1_275' title='bbox 357 3339 423 3381; x_wconf 91' lang='lat' dir='ltr'>non</span> <span class='ocrx_word' id='word_1_276' title='bbox 437 3327 486 3381; x_wconf 88' lang='lat' dir='ltr'>est</span> <span class='ocrx_word' id='word_1_277' title='bbox 500 3316 586 3381; x_wconf 90' lang='lat' dir='ltr'>salus</span> <span class='ocrx_word' id='word_1_278' title='bbox 595 3325 620 3378; x_wconf 87' lang='lat'>⁴.</span> <span class='ocrx_word' id='word_1_279' title='bbox 650 3316 769 3401; x_wconf 83' lang='lat' dir='ltr'>Igitur:</span> <span class='ocrx_word' id='word_1_280' title='bbox 792 3316 928 3380; x_wconf 82' lang='lat' dir='ltr'>Pactum</span> <span class='ocrx_word' id='word_1_281' title='bbox 943 3339 1057 3396; x_wconf 81' lang='lat' dir='ltr'>rocam,</span> <span class='ocrx_word' id='word_1_282' title='bbox 1080 3315 1159 3380; x_wconf 88' lang='lat' dir='ltr'>dicit</span> <span class='ocrx_word' id='word_1_283' title='bbox 1208 3319 1343 3400; x_wconf 88' lang='lat' dir='ltr'>ominus,</span> 
     </span>
    </p>
   </div>
   <div class='ocr_carea' id='block_1_4' title="bbox 223 3488 1345 4512">
    <p class='ocr_par' dir='ltr' id='par_1_7' title="bbox 223 3488 1345 4512">
     <span class='ocr_line' id='line_1_36' title="bbox 227 3488 1345 3556; baseline 0.003 -17"><span class='ocrx_word' id='word_1_284' title='bbox 227 3492 254 3556; x_wconf 88' lang='lat'>1)</span> <span class='ocrx_word' id='word_1_285' title='bbox 272 3490 352 3556; x_wconf 87' lang='lat' dir='ltr'>Apud</span> <span class='ocrx_word' id='word_1_286' title='bbox 370 3490 523 3542; x_wconf 88' lang='lat' dir='ltr'>Pleichield</span> <span class='ocrx_word' id='word_1_287' title='bbox 542 3488 668 3554; x_wconf 85' lang='lat' dir='ltr'>a.1086;</span> <span class='ocrx_word' id='word_1_288' title='bbox 687 3490 721 3541; x_wconf 83' lang='lat' dir='ltr'>cf.</span> <span class='ocrx_word' id='word_1_289' title='bbox 740 3489 789 3539; x_wconf 90' lang='lat' dir='ltr'>lib.</span> <span class='ocrx_word' id='word_1_290' title='bbox 808 3490 831 3553; x_wconf 85' lang='lat'>1,</span> <span class='ocrx_word' id='word_1_291' title='bbox 851 3505 876 3540; x_wconf 88' lang='lat' dir='ltr'>c.</span> <span class='ocrx_word' id='word_1_292' title='bbox 892 3490 919 3553; x_wconf 80' lang='lat'>3,</span> <span class='ocrx_word' id='word_1_293' title='bbox 938 3490 985 3540; x_wconf 89' lang='lat' dir='ltr'>uhi</span> <span class='ocrx_word' id='word_1_294' title='bbox 1005 3490 1111 3552; x_wconf 90' lang='lat' dir='ltr'>dicitur,</span> <span class='ocrx_word' id='word_1_295' title='bbox 1130 3490 1280 3544; x_wconf 88' lang='lat' dir='ltr'>Henricum</span> <span class='ocrx_word' id='word_1_296' title='bbox 1300 3508 1345 3544; x_wconf 86' lang='lat' dir='ltr'>sex</span> 
     </span>
     <span class='ocr_line' id='line_1_37' title="bbox 224 3562 1343 3631; baseline 0.003 -16"><span class='ocrx_word' id='word_1_297' title='bbox 224 3564 335 3631; x_wconf 86' lang='lat' dir='ltr'>proeliis</span> <span class='ocrx_word' id='word_1_298' title='bbox 354 3579 414 3615; x_wconf 86' lang='lat' dir='ltr'>eum</span> <span class='ocrx_word' id='word_1_299' title='bbox 427 3563 554 3615; x_wconf 87' lang='lat' dir='ltr'>hostibus</span> <span class='ocrx_word' id='word_1_300' title='bbox 573 3563 735 3614; x_wconf 86' lang='lat' dir='ltr'>conflixisse.</span> <span class='ocrx_word' id='word_1_301' title='bbox 774 3562 816 3614; x_wconf 85' lang='lat' dir='ltr'>cf.</span> <span class='ocrx_word' id='word_1_302' title='bbox 835 3563 883 3614; x_wconf 87' lang='lat' dir='ltr'>lib.</span> <span class='ocrx_word' id='word_1_303' title='bbox 903 3562 943 3624; x_wconf 92' lang='lat' dir='ltr'>II,</span> <span class='ocrx_word' id='word_1_304' title='bbox 969 3580 993 3616; x_wconf 82' lang='lat' dir='ltr'>c.</span> <span class='ocrx_word' id='word_1_305' title='bbox 1013 3563 1058 3615; x_wconf 76' lang='lat'>28.</span> <span class='ocrx_word' id='word_1_306' title='bbox 1144 3562 1173 3630; x_wconf 81' lang='lat'>2)</span> <span class='ocrx_word' id='word_1_307' title='bbox 1193 3565 1274 3617; x_wconf 84' lang='lat' dir='ltr'>Haec</span> <span class='ocrx_word' id='word_1_308' title='bbox 1293 3581 1343 3617; x_wconf 88' lang='lat' dir='ltr'>non</span> 
     </span>
     <span class='ocr_line' id='line_1_38' title="bbox 225 3635 1340 3702; baseline 0.003 -14"><span class='ocrx_word' id='word_1_309' title='bbox 225 3643 266 3688; x_wconf 87' lang='lat' dir='ltr'>est</span> <span class='ocrx_word' id='word_1_310' title='bbox 283 3653 348 3688; x_wconf 89' lang='lat' dir='ltr'>vera</span> <span class='ocrx_word' id='word_1_311' title='bbox 368 3652 450 3688; x_wconf 87' lang='lat' dir='ltr'>causa</span> <span class='ocrx_word' id='word_1_312' title='bbox 469 3636 573 3702; x_wconf 88' lang='lat' dir='ltr'>proelii,</span> <span class='ocrx_word' id='word_1_313' title='bbox 592 3635 640 3687; x_wconf 87' lang='lat' dir='ltr'>sed</span> <span class='ocrx_word' id='word_1_314' title='bbox 659 3635 715 3698; x_wconf 91' lang='lat' dir='ltr'>illa,</span> <span class='ocrx_word' id='word_1_315' title='bbox 734 3651 815 3702; x_wconf 88' lang='lat' dir='ltr'>quam</span> <span class='ocrx_word' id='word_1_316' title='bbox 836 3642 863 3688; x_wconf 88' lang='lat' dir='ltr'>et</span> <span class='ocrx_word' id='word_1_317' title='bbox 881 3635 1044 3688; x_wconf 89' lang='lat' dir='ltr'>Bertholdus</span> <span class='ocrx_word' id='word_1_318' title='bbox 1065 3643 1092 3688; x_wconf 91' lang='lat' dir='ltr'>et</span> <span class='ocrx_word' id='word_1_319' title='bbox 1110 3639 1201 3690; x_wconf 88' lang='lat' dir='ltr'>Bruno</span> <span class='ocrx_word' id='word_1_320' title='bbox 1222 3640 1340 3691; x_wconf 85' lang='lat' dir='ltr'>afferunt</span> 
     </span>
     <span class='ocr_line' id='line_1_39' title="bbox 223 3708 1343 3778; baseline 0.004 -18"><span class='ocrx_word' id='word_1_321' title='bbox 223 3711 346 3776; x_wconf 85' lang='lat' dir='ltr'>Namque</span> <span class='ocrx_word' id='word_1_322' title='bbox 365 3708 549 3773; x_wconf 89' lang='lat' dir='ltr'>(Bertholdus,</span> <span class='ocrx_word' id='word_1_323' title='bbox 569 3708 616 3761; x_wconf 83' lang='lat' dir='ltr'>SS.</span> <span class='ocrx_word' id='word_1_324' title='bbox 630 3710 663 3771; x_wconf 90' lang='lat' dir='ltr'>V,</span> <span class='ocrx_word' id='word_1_325' title='bbox 683 3709 748 3773; x_wconf 80' lang='lat'>312)</span> <span class='ocrx_word' id='word_1_326' title='bbox 775 3709 859 3760; x_wconf 88' lang='lat' dir='ltr'>duces</span> <span class='ocrx_word' id='word_1_327' title='bbox 878 3710 1012 3775; x_wconf 84' lang='lat' dir='ltr'>praedicti</span> <span class='ocrx_word' id='word_1_328' title='bbox 1038 3709 1112 3778; x_wconf 89' lang='lat' dir='ltr'>(scil.</span> <span class='ocrx_word' id='word_1_329' title='bbox 1132 3712 1299 3764; x_wconf 89' lang='lat' dir='ltr'>Bertholdus</span> <span class='ocrx_word' id='word_1_330' title='bbox 1319 3717 1343 3764; x_wconf 88' lang='lat' dir='ltr'>et</span> 
     </span>
     <span class='ocr_line' id='line_1_40' title="bbox 223 3781 1343 3852; baseline 0.003 -18"><span class='ocrx_word' id='word_1_331' title='bbox 223 3782 326 3845; x_wconf 83' lang='lat' dir='ltr'>Wolfo)</span> <span class='ocrx_word' id='word_1_332' title='bbox 353 3798 413 3833; x_wconf 88' lang='lat' dir='ltr'>curn</span> <span class='ocrx_word' id='word_1_333' title='bbox 438 3781 614 3833; x_wconf 77' lang='lat' dir='ltr'>Alemannica</span> <span class='ocrx_word' id='word_1_334' title='bbox 641 3783 738 3833; x_wconf 88' lang='lat' dir='ltr'>militia</span> <span class='ocrx_word' id='word_1_335' title='bbox 761 3783 820 3847; x_wconf 88' lang='lat' dir='ltr'>regi</span> <span class='ocrx_word' id='word_1_336' title='bbox 843 3781 959 3834; x_wconf 87' lang='lat' dir='ltr'>Rudolfo</span> <span class='ocrx_word' id='word_1_337' title='bbox 986 3783 1020 3832; x_wconf 92' lang='lat' dir='ltr'>de</span> <span class='ocrx_word' id='word_1_338' title='bbox 1048 3785 1167 3836; x_wconf 82' lang='lat' dir='ltr'>Saxonis</span> <span class='ocrx_word' id='word_1_339' title='bbox 1193 3786 1343 3852; x_wconf 82' lang='lat' dir='ltr'>egredienti</span> 
     </span>
     <span class='ocr_line' id='line_1_41' title="bbox 224 3854 1340 3911; baseline 0.003 -4"><span class='ocrx_word' id='word_1_340' title='bbox 224 3871 365 3907; x_wconf 90' lang='lat' dir='ltr'>occurrere</span> <span class='ocrx_word' id='word_1_341' title='bbox 391 3854 584 3907; x_wconf 86' lang='lat' dir='ltr'>deliberabant.</span> <span class='ocrx_word' id='word_1_342' title='bbox 623 3855 678 3907; x_wconf 85' lang='lat' dir='ltr'>Sed</span> <span class='ocrx_word' id='word_1_343' title='bbox 702 3856 754 3907; x_wconf 90' lang='lat' dir='ltr'>hoc</span> <span class='ocrx_word' id='word_1_344' title='bbox 780 3857 886 3907; x_wconf 90' lang='lat' dir='ltr'>omnino</span> <span class='ocrx_word' id='word_1_345' title='bbox 911 3872 959 3906; x_wconf 87' lang='lat' dir='ltr'>rex</span> <span class='ocrx_word' id='word_1_346' title='bbox 984 3858 1117 3909; x_wconf 89' lang='lat' dir='ltr'>Henricus</span> <span class='ocrx_word' id='word_1_347' title='bbox 1144 3874 1206 3909; x_wconf 92' lang='lat' dir='ltr'>eum</span> <span class='ocrx_word' id='word_1_348' title='bbox 1226 3862 1340 3911; x_wconf 87' lang='lat' dir='ltr'>maximo</span> 
     </span>
     <span class='ocr_line' id='line_1_42' title="bbox 224 3929 1341 3999; baseline 0.003 -20"><span class='ocrx_word' id='word_1_349' title='bbox 224 3930 343 3980; x_wconf 88' lang='lat' dir='ltr'>exercitu</span> <span class='ocrx_word' id='word_1_350' title='bbox 354 3930 543 3992; x_wconf 87' lang='lat' dir='ltr'>interveniens,</span> <span class='ocrx_word' id='word_1_351' title='bbox 562 3946 596 3980; x_wconf 88' lang='lat' dir='ltr'>ue</span> <span class='ocrx_word' id='word_1_352' title='bbox 610 3929 668 3980; x_wconf 88' lang='lat' dir='ltr'>fieri</span> <span class='ocrx_word' id='word_1_353' title='bbox 683 3935 783 3997; x_wconf 87' lang='lat' dir='ltr'>posset,</span> <span class='ocrx_word' id='word_1_354' title='bbox 801 3930 977 3995; x_wconf 85' lang='lat' dir='ltr'>impediebat.</span> <span class='ocrx_word' id='word_1_355' title='bbox 1004 3931 1127 3999; x_wconf 83' lang='lat' dir='ltr'>Eandem</span> <span class='ocrx_word' id='word_1_356' title='bbox 1142 3948 1252 3984; x_wconf 88' lang='lat' dir='ltr'>causam</span> <span class='ocrx_word' id='word_1_357' title='bbox 1266 3933 1341 3983; x_wconf 83' lang='lat' dir='ltr'>affert</span> 
     </span>
     <span class='ocr_line' id='line_1_43' title="bbox 223 3999 1342 4073; baseline 0.003 -19"><span class='ocrx_word' id='word_1_358' title='bbox 223 4003 314 4054; x_wconf 90' lang='lat' dir='ltr'>Bruno</span> <span class='ocrx_word' id='word_1_359' title='bbox 333 3999 435 4068; x_wconf 72' lang='lat' dir='ltr'>(SSV,</span> <span class='ocrx_word' id='word_1_360' title='bbox 452 4020 478 4069; x_wconf 90' lang='lat' dir='ltr'>p.</span> <span class='ocrx_word' id='word_1_361' title='bbox 488 4003 551 4056; x_wconf 83' lang='grc'><strong>367.</strong></span> <span class='ocrx_word' id='word_1_362' title='bbox 564 4003 641 4068; x_wconf 84' lang='grc'>368),</span> <span class='ocrx_word' id='word_1_363' title='bbox 698 4000 728 4067; x_wconf 83' lang='grc'>3)</span> <span class='ocrx_word' id='word_1_364' title='bbox 749 4000 828 4068; x_wconf 78' lang='lat' dir='ltr'>Apud</span> <span class='ocrx_word' id='word_1_365' title='bbox 844 4003 1045 4056; x_wconf 88' lang='lat' dir='ltr'>Mellrichstadt</span> <span class='ocrx_word' id='word_1_366' title='bbox 1057 4021 1082 4055; x_wconf 86' lang='lat' dir='ltr'>a.</span> <span class='ocrx_word' id='word_1_367' title='bbox 1099 4004 1179 4057; x_wconf 84' lang='lat'><strong>1078.</strong></span> <span class='ocrx_word' id='word_1_368' title='bbox 1236 4005 1266 4073; x_wconf 81' lang='lat'>4)</span> <span class='ocrx_word' id='word_1_369' title='bbox 1286 4007 1342 4057; x_wconf 86' lang='lat' dir='ltr'>Hos</span> 
     </span>
     <span class='ocr_line' id='line_1_44' title="bbox 224 4075 1343 4147; baseline 0.002 -19"><span class='ocrx_word' id='word_1_370' title='bbox 224 4092 316 4128; x_wconf 87' lang='lat' dir='ltr'>omnes</span> <span class='ocrx_word' id='word_1_371' title='bbox 335 4077 485 4143; x_wconf 85' lang='lat' dir='ltr'>episcopos,</span> <span class='ocrx_word' id='word_1_372' title='bbox 504 4094 570 4143; x_wconf 87' lang='lat' dir='ltr'>quos</span> <span class='ocrx_word' id='word_1_373' title='bbox 585 4080 776 4128; x_wconf 88' lang='lat' dir='ltr'>commemorat</span> <span class='ocrx_word' id='word_1_374' title='bbox 784 4075 957 4141; x_wconf 82' lang='lat' dir='ltr'>waltramus,</span> <span class='ocrx_word' id='word_1_375' title='bbox 976 4077 1086 4143; x_wconf 81' lang='lat' dir='ltr'>fugisse,</span> <span class='ocrx_word' id='word_1_376' title='bbox 1105 4094 1139 4128; x_wconf 90' lang='lat' dir='ltr'>ne</span> <span class='ocrx_word' id='word_1_377' title='bbox 1152 4080 1244 4131; x_wconf 80' lang='lat' dir='ltr'>Brimo</span> <span class='ocrx_word' id='word_1_378' title='bbox 1262 4079 1293 4147; x_wconf 82' lang='lat'>(1.</span> <span class='ocrx_word' id='word_1_379' title='bbox 1306 4075 1343 4146; x_wconf 90' lang='lat' dir='ltr'>c.)</span> 
     </span>
     <span class='ocr_line' id='line_1_45' title="bbox 223 4149 1341 4217; baseline 0.002 -17"><span class='ocrx_word' id='word_1_380' title='bbox 223 4149 332 4216; x_wconf 88' lang='lat' dir='ltr'>quidem</span> <span class='ocrx_word' id='word_1_381' title='bbox 357 4155 449 4217; x_wconf 84' lang='lat' dir='ltr'>negat.</span> <span class='ocrx_word' id='word_1_382' title='bbox 486 4150 541 4202; x_wconf 87' lang='lat' dir='ltr'>Sed</span> <span class='ocrx_word' id='word_1_383' title='bbox 565 4167 656 4203; x_wconf 89' lang='lat' dir='ltr'>omnes</span> <span class='ocrx_word' id='word_1_384' title='bbox 682 4149 730 4199; x_wconf 88' lang='lat' dir='ltr'>alii</span> <span class='ocrx_word' id='word_1_385' title='bbox 749 4149 893 4214; x_wconf 86' lang='lat' dir='ltr'>scriptores</span> <span class='ocrx_word' id='word_1_386' title='bbox 912 4156 1021 4216; x_wconf 86' lang='lat' dir='ltr'>praeter</span> <span class='ocrx_word' id='word_1_387' title='bbox 1039 4151 1216 4204; x_wconf 88' lang='lat' dir='ltr'>Waltramum</span> <span class='ocrx_word' id='word_1_388' title='bbox 1237 4152 1341 4204; x_wconf 89' lang='lat' dir='ltr'>dehac</span> 
     </span>
     <span class='ocr_line' id='line_1_46' title="bbox 223 4220 1340 4289; baseline 0.002 -15"><span class='ocrx_word' id='word_1_389' title='bbox 223 4239 252 4274; x_wconf 90' lang='lat' dir='ltr'>re</span> <span class='ocrx_word' id='word_1_390' title='bbox 270 4224 340 4274; x_wconf 88' lang='lat' dir='ltr'>inter</span> <span class='ocrx_word' id='word_1_391' title='bbox 358 4240 388 4276; x_wconf 91' lang='lat' dir='ltr'>se</span> <span class='ocrx_word' id='word_1_392' title='bbox 408 4226 586 4284; x_wconf 86' lang='lat' dir='ltr'>consentiunt,</span> <span class='ocrx_word' id='word_1_393' title='bbox 606 4224 752 4273; x_wconf 88' lang='lat' dir='ltr'>Henricum</span> <span class='ocrx_word' id='word_1_394' title='bbox 778 4220 825 4273; x_wconf 92' lang='lat' dir='ltr'>illo</span> <span class='ocrx_word' id='word_1_395' title='bbox 846 4222 948 4289; x_wconf 87' lang='lat' dir='ltr'>proelio</span> <span class='ocrx_word' id='word_1_396' title='bbox 969 4226 1070 4275; x_wconf 84' lang='lat' dir='ltr'>victum</span> <span class='ocrx_word' id='word_1_397' title='bbox 1096 4241 1165 4277; x_wconf 87' lang='lat' dir='ltr'>esse.</span> <span class='ocrx_word' id='word_1_398' title='bbox 1204 4227 1228 4276; x_wconf 80' lang='lat' dir='ltr'><strong>E</strong></span> <span class='ocrx_word' id='word_1_399' title='bbox 1251 4226 1340 4278; x_wconf 84' lang='lat' dir='ltr'>verbis</span> 
     </span>
     <span class='ocr_line' id='line_1_47' title="bbox 223 4295 1339 4362; baseline 0 -14"><span class='ocrx_word' id='word_1_400' title='bbox 223 4296 364 4348; x_wconf 88' lang='lat' dir='ltr'>Waltrami</span> <span class='ocrx_word' id='word_1_401' title='bbox 383 4297 451 4347; x_wconf 92' lang='lat' dir='ltr'>nihil</span> <span class='ocrx_word' id='word_1_402' title='bbox 468 4297 542 4349; x_wconf 89' lang='lat' dir='ltr'>aliud</span> <span class='ocrx_word' id='word_1_403' title='bbox 562 4295 654 4361; x_wconf 84' lang='lat' dir='ltr'>colligi</span> <span class='ocrx_word' id='word_1_404' title='bbox 672 4300 770 4362; x_wconf 90' lang='lat' dir='ltr'>potest,</span> <span class='ocrx_word' id='word_1_405' title='bbox 790 4297 843 4346; x_wconf 90' lang='lat' dir='ltr'>nisi</span> <span class='ocrx_word' id='word_1_406' title='bbox 861 4297 1009 4348; x_wconf 88' lang='lat' dir='ltr'>Henricum</span> <span class='ocrx_word' id='word_1_407' title='bbox 1029 4297 1127 4348; x_wconf 90' lang='lat' dir='ltr'>claram</span> <span class='ocrx_word' id='word_1_408' title='bbox 1145 4300 1287 4350; x_wconf 89' lang='lat' dir='ltr'>victoriam</span> <span class='ocrx_word' id='word_1_409' title='bbox 1306 4299 1339 4350; x_wconf 86' lang='lat' dir='ltr'>ab</span> 
     </span>
     <span class='ocr_line' id='line_1_48' title="bbox 223 4369 1338 4437; baseline 0.002 -15"><span class='ocrx_word' id='word_1_410' title='bbox 223 4371 344 4423; x_wconf 87' lang='lat' dir='ltr'>hostibus</span> <span class='ocrx_word' id='word_1_411' title='bbox 362 4376 521 4437; x_wconf 85' lang='lat' dir='ltr'>reportasse.</span> <span class='ocrx_word' id='word_1_412' title='bbox 558 4371 654 4436; x_wconf 88' lang='lat' dir='ltr'>Itaque</span> <span class='ocrx_word' id='word_1_413' title='bbox 681 4383 751 4435; x_wconf 89' lang='lat' dir='ltr'>quae</span> <span class='ocrx_word' id='word_1_414' title='bbox 771 4369 890 4420; x_wconf 89' lang='lat' dir='ltr'>Henrico</span> <span class='ocrx_word' id='word_1_415' title='bbox 914 4369 984 4420; x_wconf 89' lang='lat' dir='ltr'>bene</span> <span class='ocrx_word' id='word_1_416' title='bbox 1010 4377 1199 4436; x_wconf 88' lang='lat' dir='ltr'>processerunt</span> <span class='ocrx_word' id='word_1_417' title='bbox 1225 4388 1338 4424; x_wconf 89' lang='lat' dir='ltr'>comme·</span> 
     </span>
     <span class='ocr_line' id='line_1_49' title="bbox 223 4441 1160 4512; baseline 0.001 -17"><span class='ocrx_word' id='word_1_418' title='bbox 223 4450 308 4497; x_wconf 88' lang='lat' dir='ltr'>morat</span> <span class='ocrx_word' id='word_1_419' title='bbox 326 4444 499 4507; x_wconf 81' lang='lat' dir='ltr'>waltramus,</span> <span class='ocrx_word' id='word_1_420' title='bbox 518 4459 588 4512; x_wconf 89' lang='lat' dir='ltr'>quae</span> <span class='ocrx_word' id='word_1_421' title='bbox 607 4444 700 4510; x_wconf 84' lang='lat' dir='ltr'>gravia</span> <span class='ocrx_word' id='word_1_422' title='bbox 720 4441 877 4494; x_wconf 88' lang='lat' dir='ltr'>acciderunt</span> <span class='ocrx_word' id='word_1_423' title='bbox 896 4442 1003 4495; x_wconf 84' lang='lat' dir='ltr'>silentio</span> <span class='ocrx_word' id='word_1_424' title='bbox 1022 4446 1160 4510; x_wconf 88' lang='lat' dir='ltr'>praeterit.</span> 
     </span>
    </p>
   </div>
   <div class='ocr_carea' id='block_1_5' title="bbox 0 0 1410 4830">
    <p class='ocr_par' dir='ltr' id='par_1_8' title="bbox 0 0 1410 4830">
     <span class='ocr_line' id='line_1_50' title="bbox 0 0 1410 4830; baseline 0 1"><span class='ocrx_word' id='word_1_425' title='bbox 0 0 1410 4830; x_wconf 95' lang='lat' dir='ltr'> </span> 
     </span>
    </p>
   </div>
  </div>
 </body>
</html>
