2812 4830
232 372 285 425 134
421 375 471 424 DE
489 374 647 426 UNITATE
668 372 872 426 ECCLESIAE
893 372 1172 426 CONSERVANDA.

231 567 312 624 eam,
340 543 454 628 inquit,
486 543 755 628 quemadmodum
776 542 873 628 culpo
895 545 1041 627 imperiti
1064 543 1255 629 loquuntur,
1276 569 1341 610 eon·

231 628 436 692 suetudinem
463 629 621 691 sermonis
649 628 770 692 uooobo
801 650 992 692 consensum
1021 630 1237 709 eruditorum,
1268 633 1344 695 siout

231 713 365 776 vivendi
382 733 572 776 eonsensum
591 711 758 776 bonorum.
791 710 876 775 Hinc
900 709 1088 776 etTullius1
1111 713 1146 776 in
1168 713 1343 779 rhetoricis:

233 796 450 877 Consuetudo,
472 795 526 876 ait,
548 798 604 859 ius
626 805 672 859 est
694 795 814 882 absque
835 794 914 881 iope,
937 797 995 860 boc
1011 806 1056 859 est
1079 797 1200 882 absque
1222 801 1342 882 scripto,

254 883 315 944 uia
342 879 394 944 lese
423 881 547 945 dicitur
576 904 598 944 a
623 880 769 978 dependo.
813 879 943 964 Moyses
971 903 1046 944 vero
1075 881 1200 966 primus
1228 883 1343 946 divinas

230 904 320 1048 deges
341 965 440 1029 sacris
461 962 561 1028 literis
576 963 733 1048 expl1cuit
755 972 786 1029 et
801 963 923 1050 populo
945 963 1009 1028 Dei
1032 966 1271 1029 conservandas
1290 976 1343 1031 tra

231 1047 347 1130 didit¹¹;
379 1071 454 1112 nam
484 1069 578 1113 omne
610 1050 660 1112 ius
692 1047 820 1132 legibus
851 1055 975 1112 constat
1007 1057 1039 1113 et
1069 1050 1225 1115 moribus.
1279 1050 1343 1133 Sed,

231 1134 313 1198 sicut
340 1133 483 1198 Isidorus
511 1135 706 1218 episcopus²
733 1133 844 1198 scribit
871 1134 904 1196 in
936 1130 1026 1197 libris
1053 1133 1342 1219 Etymologiarum:

230 1221 288 1275 Lea
316 1232 354 1274 est
381 1223 528 1275 constitutio
557 1222 665 1288 scripta,
698 1230 722 1275 et
750 1240 804 1274 mos
833 1231 871 1274 est
896 1227 1023 1275 uetustate
1046 1224 1162 1289 probata
1192 1226 1341 1277 cousuetudo

230 1322 283 1357 non
311 1305 466 1370 conamus.
513 1289 682 1356 Plenitudo
710 1300 818 1355 autem
845 1289 927 1375 legis
956 1299 1005 1355 est
1030 1294 1158 1373 caritas,
1189 1295 1269 1378 quia
1295 1315 1342 1379 per

232 1371 365 1437 Sacram
406 1374 607 1459 Scripturam
647 1375 813 1460 cognoscit
852 1373 966 1456 homo,
1006 1374 1084 1460 quid
1118 1377 1159 1440 sit
1195 1387 1229 1440 et
1266 1375 1341 1442 unde

231 1457 273 1520 sit
305 1466 337 1520 et
369 1459 530 1542 quomodo
563 1460 604 1522 sit
636 1469 668 1523 et
698 1459 740 1522 ad
773 1457 851 1545 quid
879 1457 931 1523 vel
962 1480 1026 1544 quo
1059 1469 1274 1544 perventurus
1300 1461 1340 1525 sit.

231 1538 409 1624 Cognoscit
437 1542 533 1606 etiam
561 1563 620 1628 per
649 1542 767 1607 Sacrae
791 1543 975 1628 Scripturas
1001 1545 1170 1609 scientiam
1193 1544 1342 1611 beneficia

230 1625 304 1706 Dei,
325 1625 463 1709 gratiam
485 1626 559 1708 Dei,
582 1627 667 1691 dona
687 1627 761 1708 Dei,
783 1636 819 1691 ut
840 1626 973 1712 perinde
999 1629 1102 1713 possit
1130 1627 1259 1694 debitas
1281 1652 1342 1716 gra·

231 1709 347 1772 tiarum
375 1710 518 1776 actiones
543 1712 661 1776 referre
685 1733 742 1775 suo
766 1709 920 1792 Creatori,
944 1733 1001 1776 suo
1024 1711 1234 1798 Redemptori
1256 1727 1342 1800 atque

231 1790 400 1858 Salvatori.
436 1795 530 1862 Unde
552 1797 677 1880 etipsa
698 1796 763 1861 Dei
785 1796 942 1880 sapientia
963 1794 1104 1882 loquitur
1125 1819 1185 1882 per
1208 1797 1342 1864 Solomo-

89 1905 144 1958 ssp.
154 1905 176 1960 s,
185 1907 219 1948 11.
230 1899 319 1942 nem:
343 1878 562 1965 Sapientiam,
579 1880 738 1966 inquiens,
760 1890 789 1944 et
804 1880 1016 1964 disciplinam
1031 1884 1089 1967 qui
1104 1883 1216 1964 abiait,
1231 1884 1342 1968 infolio

230 1973 284 2043 est,
306 1971 334 2026 et
349 1986 457 2028 uacua
472 1974 517 2029 est
531 1987 606 2048 spes
623 1964 754 2030 illorum
775 1967 813 2028 iu
824 1974 1031 2049 perpetuum,
1054 1975 1082 2029 et
1098 1964 1226 2032 labores
1242 1990 1342 2032 eorum

229 2050 301 2112 sine
313 2045 444 2131 fructu,
468 2059 496 2112 et
523 2049 710 2114 inhabilial
734 2059 810 2113 sunt
833 2072 933 2133 opera
962 2049 1102 2114 iliorum.
1147 2050 1241 2115 Sicut
1266 2053 1341 2116 enim

229 2131 340 2196 scribit
352 2142 480 2196 sanctus
491 2134 694 2219 Augustinus
701 2144 723 2215 ³,
738 2133 829 2197 Deus
844 2132 1000 2197 mundum
1016 2145 1147 2219 propter
1162 2137 1343 2200 exercitium

228 2216 305 2280 fecit
332 2225 364 2280 et
386 2216 534 2281 omnibus
561 2219 663 2302 copiis
689 2217 879 2298 honestavit,
907 2217 987 2281 duas
1015 2239 1200 2302 propenens
1227 2241 1341 2301 causas,

229 2307 430 2385 praesentem
452 2315 484 2366 et
505 2302 656 2384 futuram,
678 2300 847 2366 caelestem
871 2311 903 2365 et
923 2310 1092 2384 terrenam,
1114 2312 1150 2366 ut
1172 2306 1214 2367 ad
1238 2303 1341 2390 proba

228 2386 348 2449 tionem
377 2396 483 2450 essent
509 2385 686 2466 hominum,
710 2396 754 2468 ut,
777 2387 832 2470 qui
854 2395 963 2471 spreta
983 2386 1092 2450 futura
1112 2389 1181 2451 vita
1203 2411 1341 2474 praesen·

229 2476 295 2530 tem
317 2467 459 2552 eligeret,
486 2472 575 2534 carni
597 2470 814 2556 deputaretur,
843 2471 898 2556 qui
925 2492 1002 2534 vero
1025 2473 1189 2555 praesenti
1210 2473 1340 2538 futuram

229 2563 452 2637 anteponeret,
486 2552 682 2639 spiritalibus
714 2553 831 2638 dignus
863 2554 1044 2619 haberetur.
1105 2555 1170 2620 Sed
1208 2556 1341 2621 carnales

229 2633 360 2699 delicias
383 2636 603 2721 spiritualibus
625 2638 819 2724 praeferunt,
848 2640 903 2725 qui
929 2638 1072 2703 naturale
1093 2640 1264 2725 ingenium
1287 2642 1340 2707 otio

230 2728 263 2783 et
299 2718 424 2785 desidia
462 2732 644 2808 torpescere
684 2723 808 2805 sinunt,
849 2725 906 2808 qui
945 2723 1042 2788 etiam
1082 2724 1251 2810 euangelio
1287 2725 1341 2790 Dei

65 2809 362 2910 naith-lspsfpropter
389 2827 462 2870 suas
489 2807 677 2872 traditiones
707 2828 771 2871 non
801 2807 990 2876 obaudiunt.
1034 2807 1209 2892 Attendite,
1236 2812 1340 2899 inquit,

82 2869 139 2912 ¹¹²¹⁰·
178 2899 183 2922 ’
207 2898 252 2952 'a
270 2888 428 2970 fermento
452 2891 717 2971 Pharisaeorum,
741 2893 828 2976 quod
848 2901 894 2956 est
916 2893 1109 2978 hypocrisis,
1133 2896 1192 2978 qui
1208 2895 1341 2960 dilatant

98 2958 435 3067 “iffiffbptytaaemo
458 3000 521 3041 sua
543 2986 572 3041 et
593 2975 810 3062 magnificant
823 2976 976 3058 fimbrias
982 2999 994 3057 ,·
1018 2986 1061 3040 et:
1083 2977 1135 3041 Ne
1155 2979 1341 3046 induamini

147 3054 154 3078 ’
195 3054 201 3069 '
229 3058 359 3123 duabus
386 3064 517 3142 tunicis,
546 3063 623 3147 quia
649 3062 700 3124 vir
729 3057 849 3145 duplex
881 3060 989 3124 anime
1021 3061 1208 3126 inconstans
1237 3073 1286 3129 est
1314 3065 1340 3127 in

137 3122 378 3230 fflssomnibus
412 3146 473 3210 viis
505 3147 581 3209 suis.
626 3144 773 3210 Christus
800 3163 876 3208 vero
910 3143 1147 3230 simplicitatem
1181 3147 1340 3214 columbae

226 3249 286 3291 nos
317 3227 435 3294 habere
464 3229 583 3312 docuit,
612 3230 668 3328 qui
694 3227 868 3313 gloriosam
897 3228 1064 3293 ecclesiam
1089 3252 1154 3293 non
1176 3232 1340 3298 habentem

85 3323 145 3374 npn.
153 3324 217 3378 nii·
227 3310 386 3376 maculam
407 3322 463 3378 aut
477 3335 591 3398 rugam
607 3313 668 3378 s1bi
691 3312 848 3391 exhibuit,
870 3311 978 3394 idest,
1000 3335 1082 3400 quae
1103 3337 1162 3400 per
1177 3327 1339 3402 peccatum

226 3419 291 3460 non
314 3394 431 3462 habeat
451 3396 611 3462 maculam
631 3397 684 3462 vel
704 3419 763 3482 per
785 3395 1006 3481 duplicitatem
1029 3421 1153 3482 rugam.
1200 3401 1296 3466 Unde
1316 3409 1340 3464 et

227 3479 412 3567 Cyprianus
441 3483 634 3568 episeopus4
655 3481 824 3545 ostendens
849 3482 883 3544 in
904 3480 986 3546 libro
1009 3481 1049 3546 de
1071 3483 1195 3548 unitate
1217 3484 1339 3550 catholi-

227 3586 283 3630 cae
305 3564 472 3646 ecclesiae,
493 3567 612 3630 iccirco
634 3565 668 3628 in
690 3562 857 3629 columbae
881 3567 988 3651 speeie
1018 3565 1176 3652 Spiritum
1201 3579 1337 3634 sanctum

225 3650 364 3731 venisse,
386 3658 421 3715 ut
439 3649 613 3714 debeamus
635 3649 670 3712 in
684 3650 779 3713 domo
795 3649 869 3728 Dei,
891 3651 924 3712 in
943 3648 1079 3714 ecclesia
1094 3650 1217 3717 Christi
1238 3654 1335 3719 unani·

226 3756 295 3798 mes
324 3733 478 3815 habitare,
506 3732 679 3797 concordes
709 3742 741 3797 et
770 3731 932 3818 simplices
954 3756 1175 3820 perseverare:
1205 3754 1283 3807 Haec
1300 3759 1335 3814 eu,

226 3816 340 3902 inquit,
368 3833 417 3883 inc
446 3830 553 3884 eooksia
579 3832 714 3884 noscenda
740 3830 895 3898 simplicitas
924 3841 949 3884 et
975 3834 1127 3898 obtinenda,
1156 3844 1187 3885 ut
1214 3836 1335 3888 columbos

226 3905 332 3958 dileetio
354 3905 471 3957 imitetur
487 3905 679 3973 fraternitatis,
700 3913 730 3956 ut
748 3905 923 3957 mansuetudo
950 3915 973 3957 et
992 3905 1088 3959 lenitas
1107 3916 1236 3974 aequetur
1254 3910 1334 3963 ouibus

227 4060 251 4115 s)
266 4064 392 4105 servandas
409 4063 548 4104 contradidit
564 4066 585 4104 1.
645 4063 669 4116 b)
685 4063 781 4104 inutilia
800 4063 860 4114 Vuis.
922 4062 943 4115 c)
959 4064 992 4104 ita
1008 4064 1084 4116 Ouprq
1099 4066 1155 4105 deest
1171 4067 1191 4105 1.

230 4196 256 4259 1)
280 4195 386 4261 Cicero,
410 4197 452 4247 De
473 4199 626 4248 inventione
649 4196 688 4260 ΙΙ,
707 4197 750 4248 22.
796 4197 837 4248 cf.
864 4198 963 4249 Isidori
986 4198 1144 4264 Operam,
1164 4216 1192 4264 p.
1213 4199 1256 4251 85.
1281 4195 1330 4247 192.

228 4267 258 4334 2)
280 4269 351 4322 Ibid.
431 4269 461 4336 3)
485 4272 531 4322 Eis
551 4271 636 4322 alludi
654 4269 768 4334 videtur,
793 4287 862 4336 quse
881 4272 911 4322 in
929 4273 1074 4336 Augustini
1093 4273 1226 4338 Operibus
1245 4272 1295 4333 ΙΙΙ,
1312 4269 1331 4325 l,

227 4360 254 4410 p.
273 4342 429 4394 see-841.
448 4344 581 4409 leguntur.
657 4341 686 4410 4)
707 4343 835 4410 Cypriani
855 4346 945 4413 Opera
963 4363 989 4411 p.
1011 4346 1073 4396 217.
1094 4346 1157 4398 218.
