2812 4830
263 382 313 432 DE
331 381 489 432 UNITATE
508 380 711 435 accensus
732 382 1008 436 consueverint.
1163 384 1198 435 te

73 549 250 635 episcopus
266 547 395 613 scribit:
422 563 561 630 Ueritatem,
576 551 681 636 inquii
691 564 713 633 ¹,
727 565 774 633 qai
791 573 933 629 contenet,
953 583 1007 618 non
1026 573 1093 618 tenet
1105 565 1199 620 Putris

72 656 97 702 et
115 648 184 700 Filii
194 648 288 714 fidem,
307 648 388 698 vitam
407 664 461 698 non
481 653 549 699 tenet
572 655 595 700 et
619 649 739 699 sulutem.
778 632 928 714 Proinde,
956 634 1117 719 quomodo
1145 633 1198 698 ifle

71 715 271 780 Hildebrant
300 713 475 779 catholicus
502 717 617 796 extitit,
645 717 701 800 qui
729 737 793 779 non
823 715 991 800 ecclesiae,
1023 718 1079 782 sed
1112 719 1198 804 parti

70 799 225 886 praefuit,
249 801 333 865 sicut
347 800 444 864 etiam
465 797 613 864 defensor
633 800 735 884 ipsius
757 799 879 883 scribit,
923 803 957 865 ui
972 802 1031 867 etsi
1047 802 1197 888 apostoli-

72 905 148 950 cam
164 885 273 949 sedem
289 883 350 948 sibi
368 885 580 968 usurpaverit,
595 905 761 982 nunquam
776 892 884 948 tamen
898 823 1046 950 hemana
1060 885 1198 951 ecclesia

71 967 160 1032 illius
183 989 302 1054 sponsa
321 967 391 1048 fuit,
415 988 510 1052 quam
526 989 584 1053 pro
599 967 745 1052 legitima
759 967 930 1034 donatione
945 968 1097 1055 spiritalis
1113 969 1196 1036 dotis

71 1051 199 1118 collatis
220 1062 294 1116 ante
311 1051 475 1116 beneficiis
494 1051 654 1137 spoliavit,
675 1052 831 1137 proscidit
851 1075 890 1117 ac
904 1052 1080 1136 dilaniavit,
1103 1054 1196 1120 iuxta

67 1136 163 1284 3u⁰d
196 1137 230 1200 in
258 1134 399 1200 secundo
432 1135 527 1199 huius
555 1136 630 1201 libri
664 1135 804 1221 capitulo
833 1136 956 1201 dictum
983 1148 1032 1203 est
1060 1147 1092 1202 et
1120 1160 1196 1203 vere

94 1223 196 1286 ictum
218 1220 288 1286 est?
321 1219 428 1304 Atque
449 1219 522 1285 ideo
545 1222 625 1306 ipsa,
648 1242 731 1306 quae
747 1242 822 1284 vere
844 1229 913 1287 erat
935 1232 966 1288 ct
988 1230 1037 1287 est
1050 1221 1197 1288 Romana

68 1304 219 1385 eeclesia,
251 1326 325 1368 cum
352 1305 393 1367 sit
420 1314 522 1369 mater
554 1305 696 1367 omnium
726 1304 942 1389 ecclesiarum,
973 1327 1056 1392 quae
1085 1305 1192 1392 aliquo

68 1409 174 1474 pravo
204 1389 356 1488 dogmate
384 1409 444 1452 nec
471 1387 642 1486 aliquando
672 1387 784 1453 fefellit
804 1410 864 1454 nec
884 1388 927 1454 ali
950 1411 992 1453 ua
1014 1389 1118 1456 heresi
1139 1412 1196 1454 un·

69 1494 171 1558 quam
192 1472 259 1537 fallr
280 1473 396 1558 potuit,
418 1472 501 1555 talis,
523 1494 665 1558 mquam,
688 1482 800 1536 sancta
814 1484 917 1539 mater
930 1412 1076 1539 domena
1094 1473 1193 1539 eccle-

70 1559 132 1640 sia,
155 1579 228 1620 cum
251 1579 316 1621 nou
338 1565 448 1641 posset
468 1578 532 1620 non
548 1559 692 1622 misereri
707 1556 781 1620 filiis
795 1559 955 1623 viscerum
976 1580 1118 1638 suorum,
1162 1559 1196 1623 ui

95 1663 131 1706 er
151 1641 383 1706 dissensionem
406 1663 440 1704 re
466 1642 491 1704 's
512 1641 668 1704 Henrichi
690 1651 722 1706 et
740 1640 944 1707 Hildebranti
965 1665 1071 1729 papae
1093 1580 1197 1707 trahe-

68 1663 201 1809 hantur,
223 1735 256 1791 et
276 1727 399 1789 utinam
421 1746 441 1788 a
464 1724 527 1788 huc
548 1723 825 1789 contraherentur
847 1726 888 1791 ad
903 1728 1076 1808 interitum,
1100 1725 1196 1812 elegit

69 1831 199 1874 summa
219 1809 410 1874 necessitate
433 1808 647 1894 Wigberdum
668 1809 863 1874 Ravennatis
889 1809 1043 1875 ecclesiae
1073 1811 1195 1895 episco-

68 1915 151 1980 pum
174 1894 214 1958 ad
237 1892 430 1979 pastoralem
453 1914 563 1957 curam
582 1894 718 1957 Romani
739 1893 953 1977 pontificatus,
977 1896 1194 1959 consentiente

68 1980 193 2063 pariter
215 1987 247 2042 et
267 1999 287 2040 a
311 1986 383 2042 ente
404 2000 481 2063 rege
496 1977 660 2041 Henricho
676 1976 853 2064 eodemque
875 1979 1013 2063 patricio
1029 1979 1193 2042 Romanae

67 2061 237 2128 ecclesiae.
280 2001 461 2127 llecessitas
482 2069 590 2126 autem
612 2060 795 2126 nonhabet
821 2062 935 2147 legem.
979 2062 1075 2127 Unde
1099 2061 1194 2126 Inno-

68 2146 197 2211 centius
211 2167 309 2232 papa:
333 2160 412 2223 Quod
429 2160 578 2226 necessitas,
596 2146 731 2231 lnqult²,
749 2178 802 2227 pro
821 2161 936 2212 remedio
952 2160 1058 2226 reperit,
1077 2165 1193 2211 cessante

67 2235 226 2288 necessitate
243 2236 319 2288 dehet
337 2233 427 2299 atique
446 2237 556 2298 cessare,
576 2236 647 2299 quod
665 2238 785 2304 urgebat,
810 2233 876 2300 qaia
895 2234 964 2285 alias
984 2240 1022 2286 est
1040 2235 1105 2285 ordo
1131 2231 1193 2298 lepi-

67 2315 160 2379 timns,
187 2315 244 2368 aliu
267 2316 415 2383 usurpatio,
435 2333 516 2382 qaam
540 2316 577 2368 ud
590 2334 720 2382 praesens
732 2317 797 2384 fieri
815 2323 916 2381 tempus
934 2315 1053 2381 impellit.
1091 2299 1195 2384 Igitur

66 2384 192 2448 factum
220 2404 286 2447 non
313 2393 362 2448 est
391 2384 550 2448 hereticae
576 2386 745 2469 pravitatis
774 2403 890 2464 errore,
921 2382 1009 2468 quod
1034 2384 1195 2449 consensit

67 2465 271 2550 Wigherdus
303 2469 428 2532 viventi
460 2465 567 2531 adhuc
600 2468 823 2534 Hildebrando
856 2467 1035 2551 subrogari,
1069 2489 1194 2532 summa

66 2549 194 2616 scilicet
222 2553 422 2633 necessitate,
452 2551 605 2637 quoniam
626 2563 761 2637 constat,
787 2574 860 2618 eum
882 2551 1001 2616 vixisse
1023 2550 1065 2615 ad
1087 2552 1194 2616 interi·

64 2645 139 2701 tum
167 2634 322 2701 ecclesiae
352 2637 472 2721 pariter
493 2645 525 2701 et
546 2636 593 2700 rei
638 2636 775 2704 ublicae.
818 2637 908 2700 Num
930 2638 960 2700 si
987 2636 1044 2718 Wi
1062 2636 1191 2717 berctus,

66 2719 187 2868 meliust,
199 2720 268 2805 fur
289 2730 318 2786 et
339 2721 498 2785 hereticus
520 2743 586 2784 noa
598 2659 734 2805 ficisset,
755 2721 878 2787 viventi
900 2721 1008 2784 adhuc
1032 2659 1193 2806 dreporio

67 2828 92 2868 a
131 2803 260 2868 latenas
293 2805 473 2889 subropuri
506 2807 728 2870 consensisset.
770 2806 837 2870 Iste
866 2805 970 2888 magis
999 2802 1052 2866 fur
1080 2811 1130 2867 est
1162 2813 1194 2868 et

67 2887 240 2970 hereticus,
277 2889 333 2974 qui
363 2887 474 2952 furtim
507 2887 648 2953 collectis
670 2889 812 2974 undique
846 2897 1030 2952 sanctorum
1063 2897 1193 2972 patrum

67 2971 264 3038 testimoniis
286 2973 328 3036 ad
350 2972 587 3037 confirmandas
610 2973 865 3037 scismaticorum
886 2973 1005 3057 pariter
1028 2978 1059 3035 et
1080 2971 1194 3036 hereti·

67 3078 184 3122 corum
204 3066 312 3141 partes
332 3057 476 3121 introivit
497 3055 539 3120 ad
553 3057 756 3122 scribendum
780 3066 813 3121 et
834 3056 936 3120 exivit
948 3053 1079 3118 aliunde
1094 3076 1191 3140 quam

94 3162 129 3205 er
144 3140 272 3221 ostium,
297 3140 383 3226 quod
399 3150 447 3204 est
462 3140 618 3222 Christus,
642 3141 763 3206 docens
786 3142 883 3206 etiam
905 3139 1027 3237 absque
1046 3139 1192 3202 doctrina

43 3289 45 3292 Α
66 3163 191 3290 1diluisti
213 3233 246 3288 et
266 3223 403 3310 loquens
424 3224 548 3311 absque
569 3226 713 3309 veritate,
736 3247 819 3312 quae
840 3234 890 3288 est
910 3222 1065 3303 Ohrrstus,
1089 3219 1191 3307 qualis

66 3318 157 3374 certe
180 3307 298 3373 dieitur
312 3308 538 3391 Antichristus,
561 3311 731 3394 quoniam:
756 3309 823 3384 Qut
836 3330 967 3388 mecum,
988 3305 1103 3391 inquit,
1125 3327 1191 3370 oon
1201 3322 1357 3376 messuisse.

65 3403 125 3476 est,
155 3403 271 3456 contra
299 3417 348 3458 me
375 3403 430 3457 est.
475 3392 600 3474 Quodsi
623 3393 771 3459 Clemens
796 3415 882 3479 papa
902 3413 978 3456 vere
999 3391 1072 3475 pius
1094 3399 1191 3474 atque

66 3475 227 3562 pacificus
261 3477 390 3542 videtur
425 3476 474 3540 his
504 3478 559 3563 qui
589 3486 663 3542 sunt
691 3500 733 3542 ex
763 3477 968 3543 contentione
996 3473 1047 3539 vel
1072 3474 1105 3536 iu
1130 3472 1192 3536 hoc

66 3559 240 3645 culpabilis
263 3583 343 3643 esse,
388 3561 453 3625 uod
474 3570 569 3624 antea
590 3562 699 3649 episco
724 3584 763 3626 us
784 3561 915 3625 alterius
930 3557 1084 3624 ecclesiae
1106 3577 1193 3621 nunc

65 3645 174 3710 factus
202 3655 252 3710 est
280 3583 426 3730 pontilex
453 3644 616 3710 Romanae
645 3584 808 3728 ecclisiae,
841 3647 954 3725 sciant,
987 3643 1048 3706 hoc
1068 3641 1192 3705 licitum

67 3751 140 3796 esse
163 3751 205 3792 ex
228 3749 388 3794 canonum
410 3729 646 3810 constitutione,
670 3731 843 3817 praecipue
865 3739 971 3794 autem
994 3750 1036 3792 ex
1056 3726 1194 3791 decretis

67 3811 233 3878 Autheros
262 3835 367 3898 papae
377 3823 399 3894 ³,
426 3814 454 3877 si
482 3834 546 3876 non
574 3812 669 3878 fuerit
693 3813 833 3878 ambitus
856 3833 961 3894 causa,
985 3809 1041 3876 sed
1064 3820 1119 3874 aut
1140 3831 1195 3873 ne·

66 3897 221 3965 cessitate
243 3909 300 3962 aut
320 3897 466 3978 utilitate,
488 3898 580 3962 iuxta
601 3897 687 3982 quod
708 3909 838 3963 sanctus
853 3897 968 3981 Petrus
989 3904 1022 3959 et
1064 3895 1194 3978 rinceps

66 3980 291 4068 apostolorum
304 3981 345 4046 de
356 3980 529 4047 Antiochia
540 3980 685 4046 utilitatis
695 4003 792 4046 causa
802 3980 976 4047 translatus
988 3988 1036 4045 est
1077 3998 1194 4057 omem,

71 4202 98 4267 1)
112 4201 245 4268 Cypriani
259 4201 350 4267 Opera
362 4217 389 4267 p.
404 4199 466 4263 215,
481 4201 508 4250 9.
565 4198 595 4267 2)
608 4200 727 4252 Decreta
739 4201 892 4253 Innocentii
905 4213 991 4266 papae
1007 4196 1042 4248 ad
1055 4195 1152 4248 Rufum
1167 4200 1194 4245 et
1287 4262 1288 4267 1

68 4275 217 4328 Eusebium
238 4279 291 4326 etc.
321 4289 344 4326 c.
364 4274 391 4335 5,
419 4273 566 4325 Hinschius
594 4291 620 4340 p.
641 4272 703 4325 550.
803 4271 832 4340 3)
861 4274 950 4340 Epist.
975 4269 1078 4321 hateri.
1096 4281 1194 4336 papae,
1220 4321 1223 4328 ‚

67 4348 177 4401 Deerat.
197 4347 398 4401 Pseudoisidcr.
418 4363 461 4414 ap.
480 4347 640 4399 Hirschium
659 4364 686 4413 p.
700 4346 762 4400 152.
849 4386 852 4390 ,

925 4427 944 4476 4
