2804 4830
82 2619 121 2658 Ps.
132 2616 161 2657 88

69 2677 159 2718 st-ss

177 385 230 435 100
361 385 411 434 DE
430 383 589 434 UNITATE
609 382 815 435 ECOLESIAE
835 383 1115 438 consueverint.

174 560 284 610 incursu
311 574 366 607 non
389 563 477 622 potest
505 556 609 606 animus
637 556 668 606 in
729 556 835 607 ostratis
856 557 1003 622 fratribus,
1035 566 1060 610 et
1087 577 1128 611 me
1152 539 1295 626 prostravit

175 642 293 706 affectas.
332 623 375 687 Et
396 623 481 686 unde
500 623 659 688 eiusmodi
674 623 774 687 cadis
795 632 972 710 tempestas
993 628 1172 710 emerserit,
1193 631 1295 693 statim

174 706 401 791 subiungendo
417 706 565 776 ostendit.
592 723 728 774 Habenda
743 731 831 774 sonsa
847 730 893 786 ess,
912 709 1049 795 inquit¹,
1063 727 1173 793 fratres
1187 728 1294 781 diada-

174 797 244 861 simi,
263 797 333 848 ratio
345 797 474 861 veritatis,
492 814 540 849 nec
552 796 591 848 sic
602 805 713 847 mentem
727 796 802 846 debet
821 804 845 847 et
858 813 964 849 seruum
973 800 1168 864 persecutionis
1187 802 1295 868 insertas

176 871 315 923 tenebrosa
342 872 427 938 calipo
453 888 582 933 caecasse,
608 876 638 920 ut
660 869 730 920 nibil
751 871 909 921 remanserit
933 873 1001 924 lucis
1026 891 1060 925 ac
1084 873 1204 938 luminis,
1228 876 1294 926 unde

175 944 271 996 divina
283 952 430 1010 praecepta
444 944 564 1010 perspici
577 943 690 1010 possint.
719 940 751 993 Si
763 943 848 993 cladis
863 961 948 996 causa
959 946 1134 1012 copnoscitur,
1153 956 1179 998 et
1197 949 1294 1000 medela

176 1015 295 1068 vulneris
312 1017 456 1069 invenitur.
491 1017 622 1069 Dominus
638 1015 753 1081 probari
762 1015 904 1082 familiam
922 1035 1000 1069 suam
1017 1019 1110 1082 voluit,
1129 1028 1155 1072 et
1173 1023 1293 1086 quonian

175 1091 304 1142 traditam
315 1090 391 1142 nobis
403 1091 533 1141 divinitus
546 1089 716 1154 disciplinam
730 1105 791 1154 pau
803 1091 882 1156 lonpa
901 1099 1066 1158 comuperat,
1080 1093 1211 1145 iacentem
1215 1095 1294 1162 siden

176 1172 201 1216 et
214 1181 301 1230 prope
319 1165 433 1216 dixerim
451 1163 622 1215 dormientem
641 1179 755 1213 censura
774 1162 893 1214 caelatis
911 1164 1003 1228 erait,
1022 1171 1153 1232 cumque·
1172 1184 1221 1218 nos
1236 1185 1293 1234 pec·

176 1238 243 1289 catis
269 1239 368 1288 nostris
396 1238 512 1303 amplius
539 1252 706 1298 mereremur,
735 1235 950 1288 elementissimus
974 1238 1107 1290 Dominus
1134 1240 1175 1291 sic
1203 1248 1293 1292 cuncta

174 1312 328 1362 meratus
352 1319 399 1373 est,
424 1319 454 1361 ut
477 1311 526 1361 boc
549 1327 624 1360 omne
647 1309 720 1374 quod
743 1315 845 1375 pestum
869 1316 907 1360 est
931 1312 1080 1376 exploratio
1102 1314 1197 1378 potius
1218 1331 1293 1379 onan

172 1382 322 1449 persecutio
349 1384 494 1434 videretur.
531 1381 681 1434 Studebant
709 1383 832 1448 aupendo
855 1385 1019 1448 patrimonio
1046 1384 1148 1452 sinpuli
1176 1395 1202 1438 et
1226 1386 1293 1438 obliti

176 1457 243 1524 quid
267 1458 402 1508 credentes
421 1465 469 1505 ant
494 1455 544 1506 sub
563 1455 689 1520 apostolis
708 1462 769 1505 unte
779 1456 910 1520 fecissent
928 1466 976 1508 aut
994 1475 1097 1523 temper
1106 1460 1206 1525 jacere
1224 1460 1292 1512 debe-

175 1539 243 1594 rent,
268 1528 417 1580 insatiabili
441 1528 595 1593 cupiditatis
615 1529 711 1580 ardore
729 1527 893 1594 ampliandis
902 1531 1085 1595 facultatibus
1104 1533 1293 1585 incumbebant.

178 1603 241 1654 Non
268 1602 298 1653 in
320 1600 500 1653 sacerdotibus
523 1610 562 1652 est
585 1601 676 1668 relipio
701 1601 805 1664 devota,
829 1619 884 1653 non
906 1603 936 1653 in
954 1605 1083 1654 ministris
1094 1607 1168 1671 fides
1186 1606 1291 1674 intepra,

175 1693 231 1726 non
255 1673 283 1726 in
309 1675 433 1740 operibus
457 1673 648 1738 misericordia,
671 1693 726 1726 non
747 1674 778 1724 in
801 1675 919 1726 moribus
938 1676 1091 1743 disciplina,
1111 1689 1242 1745 comspta
1260 1688 1292 1731 est

175 1749 206 1800 in
217 1748 283 1801 viris
297 1748 390 1812 barba,
408 1748 437 1799 in
448 1745 561 1812 feminis
572 1749 668 1813 forma
679 1750 788 1814 fucata,
808 1749 954 1800 adulterati
963 1760 1024 1816 post
1036 1750 1091 1802 Dei
1106 1769 1207 1804 marm
1219 1751 1291 1814 oculi,

176 1822 270 1888 capilli
296 1822 433 1873 mendacio
460 1821 579 1873 colorati.
624 1823 668 1872 Ad
694 1821 852 1886 decipienda
880 1824 963 1873 corda
990 1823 1151 1888 simplicium
1183 1826 1292 1877 callidus

167 1890 297 1961 fraudes,
315 1895 552 1947 circumveniendis
562 1895 699 1961 fratribus
718 1895 846 1945 subdolae
864 1897 1021 1960 voluntates,
1045 1915 1101 1949 non
1122 1899 1218 1950 iurare
1237 1910 1292 1950 tan·

176 1978 231 2020 tum
249 1975 352 2034 umere,
371 1969 419 2020 sed
437 1969 527 2019 adbuc
545 1969 624 2020 etiam
637 1968 770 2034 peierare,
785 1969 952 2033 praepositos
977 1971 1091 2035 superbo
1115 1979 1218 2024 mucre
1236 1990 1291 2024 ecn-

176 2050 297 2106 temnere,
319 2049 449 2094 venenato
472 2041 524 2092 sibi
547 2059 592 2093 ore
611 2041 776 2102 maledicere,
799 2040 869 2092 odiis
882 2042 1068 2107 pertinacibus
1086 2045 1201 2096 invicem
1219 2046 1292 2098 dissi

176 2126 248 2177 dere.
285 2123 421 2190 Episcopi,
441 2109 555 2194 inquii,
572 2123 695 2190 plurimi,
714 2141 779 2188 quos
798 2131 823 2175 et
834 2123 997 2176 hortamento
1016 2142 1073 2177 esse
1091 2135 1194 2192 oportet
1207 2127 1292 2180 ceteris

176 2206 200 2250 et
219 2199 345 2263 evemplo,
364 2198 459 2250 divina
471 2198 663 2264 procuratione
681 2204 838 2262 contempta,
852 2207 1042 2262 procuratores
1067 2217 1160 2251 rerum
1178 2202 1293 2253 saecula·

175 2271 246 2322 rium
264 2272 364 2338 elipunt
374 2271 448 2336 fieri,
467 2279 491 2322 et
508 2270 635 2322 derelicta
653 2270 790 2332 catbedra,
804 2271 883 2334 plebe
900 2271 1014 2332 deserta,
1035 2289 1088 2338 per
1112 2272 1218 2325 alienas
1232 2293 1293 2340 pro-

175 2344 278 2394 vincias
303 2345 463 2405 oberrantes,
486 2343 671 2411 nepotiationis
695 2337 892 2408 quaestuosaeb
915 2345 1054 2395 nundinas
1075 2349 1221 2414 aucupari,
1239 2365 1293 2400 esu·

177 2417 304 2466 cientibus
331 2418 361 2466 in
389 2417 499 2467 eeclesia
517 2415 655 2481 fratribus
686 2416 782 2479 babere
811 2425 950 2482 arpentum
977 2418 1095 2484 turpiter,
1126 2422 1172 2473 vel
1190 2423 1294 2487 fundos

176 2487 313 2540 insidiosis
319 2489 472 2555 fraudibus
490 2505 593 2554 capere,
608 2488 698 2540 usuris
716 2488 953 2554 multiplicantibus
963 2492 1066 2555 foenus
1088 2511 1198 2559 aspere.
1228 2495 1295 2557 Quid

176 2579 230 2612 non
245 2561 352 2626 perpeti
369 2562 436 2613 tates
449 2579 503 2627 pro
516 2561 635 2627 peccatis
652 2561 782 2614 eiusmodi
796 2580 934 2626 meremur,
953 2563 1081 2615 amiam
1092 2567 1203 2632 pridem
1216 2586 1295 2634 pros-

162 2633 308 2686 ’monuerit
325 2653 358 2685 ac
376 2635 475 2686 diserte
491 2652 607 2686 censura
624 2633 733 2686 divina:
757 2633 798 2684 ‘Si
816 2636 1004 2703 dereliquerint
1022 2639 1102 2706 lepem
1121 2657 1209 2692 meam
1227 2642 1296 2694 etin

161 2706 285 2760 'iudiciis
308 2708 373 2760 meis
396 2725 452 2759 non
476 2706 679 2771 ambulaverint,
698 2708 723 2757 si
741 2708 939 2774 iustificationes
957 2729 1030 2762 meas
1046 2714 1255 2779 profanaverint
1273 2724 1295 2767 et

175 2790 319 2848 praecepta
331 2797 392 2832 mea
408 2799 463 2832 non
475 2781 680 2844 observaverint,
696 2781 808 2833 visitabo
826 2783 855 2833 in
872 2784 950 2851 sirpo
961 2785 1095 2849 facinora
1113 2805 1208 2839 eorum
1226 2799 1250 2841 et
1268 2789 1295 2840 in

169 2855 288 2922 stapellis
306 2853 404 2906 delicta
422 2854 528 2907 eorun’.
564 2855 762 2906 Praenuntiata
781 2864 842 2907 sunt
862 2856 913 2906 ista
930 2858 1007 2909 nobis
1025 2868 1051 2910 et
1069 2869 1132 2911 ante
1146 2862 1295 2926 praedicta,

175 2930 223 2980 sed
251 2946 298 2978 nos
322 2929 404 2980 datae
428 2929 493 2996 lepis
518 2936 542 2982 ct
565 2928 755 2980 observationis
779 2929 941 2982 immemores
965 2932 996 2983 id
1013 2933 1113 2999 spissus
1133 2951 1189 3000 per
1205 2943 1295 2988 nostra

171 3009 292 3068 peccato,
311 3011 350 3066 ut,
369 3003 434 3053 dum
452 3003 563 3054 Domini
579 3003 711 3053 mandata
729 3003 924 3065 contemnimus,
944 3006 982 3056 ad
1000 3008 1191 3072 correptionem
1209 3009 1297 3062 delicti

175 3084 199 3127 et
220 3075 404 3142 probationem
419 3077 489 3142 fidei
511 3075 635 3127 remediis
657 3074 822 3127 saevioribus
844 3075 1001 3130 veniremus.
1040 3079 1097 3132 Nee
1122 3082 1218 3134 saltem
1238 3101 1295 3136 sero

174 3150 294 3202 conversi
313 3151 350 3200 ad
368 3149 479 3200 Domini
496 3149 613 3200 timoren
631 3165 733 3211 sumus,
748 3156 778 3199 ut
796 3150 866 3200 tanc
881 3151 1070 3217 coneptionsm
1091 3162 1214 3207 nostram
1232 3175 1295 3224 tm·

174 3233 358 3298 balianensque
381 3231 502 3283 dirinans
519 3231 651 3296 patienter
672 3240 696 3282 et
706 3230 818 3297 fortiter
836 3231 992 3285 subiremus.
1030 3221 1074 3284 Et
1094 3223 1129 3284 in
1149 3221 1236 3288 libro
1257 3223 1296 3288 de

174 3303 297 3365 unitate
312 3298 467 3364 ecclesiae
481 3298 568 3363 idem
585 3297 791 3383 Cyprianas²
806 3299 995 3387 episcopus:
1022 3319 1164 3385 vaauen,
1182 3308 1296 3395 inquit,

174 3391 256 3442 simul
274 3397 299 3442 et
322 3389 488 3441 dilectionem
505 3387 656 3454 mapisterio
678 3406 726 3439 suo
745 3388 865 3440 Christus
884 3390 981 3453 docuit,
998 3392 1147 3458 propbetas
1165 3412 1256 3450 onnes
1273 3405 1296 3450 et

173 3474 252 3540 tepens
261 3472 412 3539 praeseptis
425 3471 539 3532 duobus,
554 3454 615 3517 Dei
626 3455 777 3520 videlicet
787 3455 957 3523 dilectione
968 3470 1001 3523 et
1011 3462 1163 3545 proximi,
1177 3479 1294 3532 insessa.

175 3546 263 3607 Quam
278 3563 340 3597 rero
356 3543 485 3593 unitatem
496 3551 593 3606 servat,
607 3562 687 3610 quam
698 3546 863 3598 dilectionem
875 3548 988 3600 custodit
1001 3559 1050 3600 aut
1062 3551 1168 3618 capital,
1183 3555 1233 3618 qui
1244 3555 1295 3606 dis·

174 3620 281 3670 cordiae
298 3619 397 3683 furore
420 3632 535 3666 vesanus
560 3619 694 3669 ecclesiam
717 3620 823 3682 scindit,
840 3621 924 3686 pidem
943 3623 1064 3686 destruit,
1078 3641 1175 3689 paoem
1197 3629 1295 3691 turbat,

174 3693 312 3742 caritatem
326 3689 450 3754 dissipat,
469 3698 663 3742 sacramentum
672 3692 824 3757 profanat?
842 3694 946 3744 Malum
958 3696 1015 3759 tor,
1022 3697 1295 3764 fidelissimifratret,

175 3765 227 3814 iam
249 3765 357 3829 pridem
380 3770 509 3827 coeperat,
533 3764 580 3815 sed
603 3782 677 3816 nunc
698 3765 777 3816 crevit
796 3765 913 3818 ciusdem
931 3769 997 3818 mali
1016 3769 1114 3835 infesta
1132 3773 1233 3838 clades,
1253 3791 1295 3825 eu·

174 3853 268 3902 urpere
294 3854 326 3886 ac
347 3837 475 3900 pululare
494 3839 559 3902 plus
584 3837 669 3903 coepit
692 3838 821 3890 tersitem
834 3840 981 3905 prostratis
1003 3851 1028 3893 et
1046 3843 1201 3897 scismatm
1220 3864 1294 3901 vene·

175 3919 241 3959 nata
256 3908 399 3974 pernicies.

174 4081 198 4133 s)
214 4094 305 4132 cunque
321 4086 341 4124 1.
403 4084 428 4134 b)
444 4086 475 4123 ita
490 4085 608 4124 emendarit
623 4084 730 4133 Solaria
746 4086 917 4134 negotiationes
932 4093 1071 4137 quaestuose
1088 4093 1108 4130 1.

175 4241 206 4309 1)
224 4243 353 4311 cypriant
372 4246 462 4311 open
480 4262 507 4311 p.
527 4245 592 4294 240.
667 4243 696 4296 m
715 4245 787 4296 iiia.
805 4263 832 4312 p.
853 4246 915 4298 sss.
