2812 4830
227 354 265 404 24
413 351 465 402 DE
484 351 641 403 UNITATE
661 353 864 405 nectamur:
885 354 1162 407 CONSERVANDA.

228 521 428 604 miserabilis,
458 522 601 608 inquam,
629 521 773 586 confusio
804 544 911 586 rernm
933 521 1137 588 convalescat
1157 524 1244 589 facta
1266 548 1354 589 nunc

253 628 287 670 er
309 605 497 671 christianos
518 607 552 669 in
574 604 718 686 ecclesia,
742 606 911 671 describit¹
939 605 992 670 ille
1014 628 1110 692 saepe
1137 607 1243 673 dictus
1266 633 1355 695 papa

263 687 429 773 ildebrant
451 713 485 754 rc
510 712 560 755 em
576 690 774 753 Francorum
795 700 872 754 tunc
887 692 992 772 etiarn,
1015 713 1100 755 nunc
1121 693 1352 778 imperatorem

228 775 455 856 Romanorum,
472 712 661 838 christianae
676 772 756 858 legis
771 795 840 838 esse
856 784 1117 860 contemptorem,
1141 775 1353 842 ecclesiarum

226 858 376 924 videlicet
396 868 491 945 atquc
506 858 632 944 imperii
646 857 874 922 destructorem
896 868 992 944 atque
1006 859 1217 925 hereticorum
1241 874 1352 928 aucto·

228 966 296 1007 rem
318 953 350 1008 et
372 951 630 1024 consentaneum,
656 963 693 1005 ac
715 952 885 1027 propterea
906 966 925 1006 a
947 965 980 1007 se
1002 966 1075 1008 eum
1097 943 1195 1009 fuisse
1218 969 1351 1011 excom-

229 1027 436 1092 municatum.
479 1027 546 1090 Nos
568 1035 676 1090 autem
698 1025 888 1089 confidimus
910 1026 1043 1090 meliora
1064 1027 1104 1092 de
1126 1050 1164 1092 eo
1187 1040 1219 1094 ct
1241 1053 1257 1093 s
1282 1054 1350 1096 era-

228 1133 299 1174 mus
321 1112 355 1175 in
377 1111 459 1193 Deo,
481 1121 517 1175 ut
537 1110 644 1196 potius
667 1110 708 1173 sit
730 1109 919 1175 christianae
941 1109 1020 1194 legis
1042 1121 1175 1195 amator,
1198 1053 1349 1180 ecclesia·

228 1217 299 1258 rum
321 1206 353 1259 et
370 1196 498 1281 imperii
517 1194 665 1259 defensor
686 1203 718 1257 et
741 1194 954 1259 hereticorum
973 1205 1070 1280 atque
1092 1197 1351 1264 scismaticorum

226 1279 415 1361 destructor,
444 1280 471 1342 si
498 1300 556 1364 pro
585 1279 797 1342 contentionis
820 1300 895 1343 suae
918 1289 949 1343 et
970 1280 1086 1343 erroris
1108 1286 1349 1365 perseverantia

227 1385 338 1428 corum
370 1385 435 1427 non
462 1362 604 1447 potuerit
634 1360 704 1426 fieri
736 1373 905 1428 corrector.
963 1377 1043 1431 Omna
1072 1380 1149 1443 caim,
1178 1383 1252 1446 quoa
1280 1384 1347 1437 irre-

223 1461 402 1528 prehensibile
434 1469 479 1526 est,
514 1460 644 1512 catholica
677 1461 796 1526 defendit
827 1462 947 1527 ecclesia,
980 1447 1062 1512 sicut
1099 1447 1228 1513 scribit²
1262 1451 1349 1515 Mar·

228 1529 360 1594 cellinus
393 1551 436 1615 pa
460 1551 488 1593 a.
538 1528 626 1612 Ergo
661 1538 802 1613 potestas
834 1551 854 1591 a
885 1529 957 1594 Deo
990 1552 1143 1595 concessa
1175 1535 1348 1618 reprehen-

228 1615 317 1678 sione
339 1622 387 1678 est
407 1552 501 1698 plina
522 1612 664 1697 indigna,
687 1612 727 1677 de
749 1635 814 1699 qua
828 1613 1000 1698 apostolus,
1022 1616 1120 1678 immo
1142 1639 1200 1700 per
1218 1631 1348 1704 aposto-

68 1698 295 1765 sesnandum
305 1699 466 1763 Dominus
481 1697 564 1760 hanc
577 1695 721 1781 regulam
733 1698 910 1762 constituit:
925 1700 1041 1780 Deum,
1057 1699 1092 1762 in
1114 1701 1214 1784 niens,
1232 1705 1347 1785 timete,

227 1807 334 1871 repam
358 1781 581 1864 honorificate,
605 1781 756 1865 quoniam
779 1791 811 1845 et
831 1780 934 1845 honor
954 1783 1039 1868 regis
1053 1721 1208 1848 iudicium
1230 1786 1348 1872 diligit.

229 1868 294 1935 Sed
322 1867 375 1931 ille
405 1866 597 1931 Hildebrant
625 1874 757 1929 econtra
784 1864 986 1931 inhonoravit
1011 1889 1120 1953 regem
1146 1869 1346 1935 Francorum

227 1964 258 2020 et
279 1952 444 2018 accusavit
464 1973 538 2016 eum
560 1949 694 2013 crimine
712 1950 853 2034 pessimo
874 1950 961 2036 apud
977 1951 1209 2016 Herimannum
1223 1955 1346 2020 Meten-

227 2061 293 2102 sem
322 2036 522 2122 episcopum,
553 2033 731 2115 intendem,
764 2036 872 2119 ipsum
901 2035 1030 2117 crimen,
1060 2058 1122 2121 quo
1156 2038 1345 2104 testificatur

227 2144 295 2186 esse
310 2144 385 2186 eum
400 2119 591 2183 christianae
606 2117 686 2202 legis
708 2127 959 2203 contemptorem
982 2128 1013 2183 et
1027 2117 1233 2184 ecclesiarum
1249 2134 1345 2209 atque

226 2207 353 2292 imperii
373 2206 606 2269 destructorem
628 2200 722 2265 simul
744 2211 776 2265 et
796 2201 1007 2266 hereticorum
1029 2213 1194 2268 auctorem
1216 2215 1248 2269 et
1271 2229 1343 2271 con-

227 2298 423 2367 sentaneum,
456 2286 623 2372 pervenire
655 2284 697 2348 ad
729 2286 875 2349 notitiam
907 2297 1094 2350 cunctarum
1126 2287 1343 2354 ecclesiarum.

228 2375 335 2453 unns
349 2372 456 2456 potius
471 2368 582 2432 audiat
597 2369 699 2432 omnis
714 2367 858 2449 ecclesia,
882 2391 977 2455 quam
992 2392 1110 2456 magna
1125 2373 1165 2435 sit
1178 2373 1343 2457 iniustitia,

228 2478 387 2521 canonum
410 2460 613 2517 sacrosancta
633 2452 812 2536 transgredi
831 2462 957 2534 statuta,
980 2454 1151 2542 dequibus
1174 2458 1216 2521 ad
1231 2460 1344 2523 Iohan-

227 2561 302 2603 nem
329 2539 534 2601 Larissaeum
566 2535 753 2620 episcopum
781 2538 826 2601 ita
858 2536 991 2603 scribit³
1022 2538 1226 2606 beatissimus
1258 2565 1343 2629 papa

229 2623 419 2707 Gregorius:
452 2636 537 2700 Haec,
567 2620 722 2704 inquiens,
759 2652 875 2687 comana
906 2636 1004 2689 sanctis
1030 2639 1156 2704 putribus
1185 2642 1343 2709 dissnu'tione

227 2712 369 2774 sensimus,
396 2716 433 2774 ut,
460 2709 506 2775 qui
529 2710 612 2761 sacris
636 2710 718 2761 nescit
746 2717 793 2760 aut
820 2710 959 2761 contemnit
987 2711 1090 2764 obedire
1115 2716 1268 2779 canonibus,
1298 2734 1344 2770 nec

226 2786 311 2837 sumis
341 2784 528 2836 administrare
555 2783 686 2834 altaribus
719 2799 767 2834 nec
795 2783 999 2836 communionem
1030 2802 1123 2851 cupere
1154 2788 1187 2837 sit
1216 2790 1314 2856 diqnus
1322 2792 1342 2840 ⁴.

228 2853 315 2918 Ecce
351 2852 435 2917 enim
472 2860 675 2915 sacrosancta
705 2851 851 2914 Romana
883 2851 1018 2916 ecclesia
1048 2852 1096 2916 fas
1133 2853 1231 2921 habet
1265 2859 1345 2924 iudi·

227 2937 324 3002 candi
349 2935 390 3000 de
416 2935 503 2998 omni
523 2933 668 2999 ecclesia.
712 2933 776 2999 Sed
801 2933 964 3000 Fabianus
986 2958 1071 3021 papa
1090 2937 1221 3005 scribit⁵
1245 2942 1344 3006 omni-

227 3023 289 3087 bus
322 3021 497 3107 episcopis:
534 3034 642 3098 Nullus,
671 3019 830 3105 inquiens,
863 3043 1022 3100 praesumat
1053 3053 1173 3102 unquam
1205 3050 1344 3092 accinatur

226 3114 282 3166 esse
306 3112 388 3163 simul
409 3119 433 3162 et
457 3109 539 3162 iudex
563 3113 587 3159 et
612 3107 691 3172 testis,
716 3109 841 3174 quonium
866 3108 895 3158 in
919 3108 991 3159 omni
1008 3108 1107 3161 iudicio
1134 3120 1259 3176 quattuor
1279 3131 1343 3179 per-

226 3203 307 3238 sonas
337 3201 441 3237 necesse
471 3191 508 3235 est
536 3197 637 3246 semper
667 3181 772 3245 adesse,
802 3180 832 3232 id
855 3189 893 3232 est
916 3182 1016 3234 iudices
1046 3185 1145 3247 chaos,
1178 3195 1343 3239 accusatores

225 3264 365 3331 idoneosl‘,
381 3268 531 3333 defensores
544 3257 693 3328 conprucsb
707 3268 786 3328 utque
799 3259 945 3329 teqisimosb
960 3266 1064 3316 testesss.
1094 3250 1223 3315 ludices
1236 3263 1343 3318 autem

227 3360 246 3401 a
270 3346 323 3401 ent
347 3333 572 3418 inaequitate,
602 3338 698 3393 testes
719 3330 753 3391 in
774 3332 917 3413 veritate,
942 3343 1145 3399 accusatores
1167 3336 1343 3402 intentione

226 3361 268 3485 ad
283 3415 542 3504 amplificandam
557 3432 696 3490 causam,
713 3412 895 3480 defensores
906 3418 1130 3482 extenuatione
1145 3419 1186 3483 ad
1200 3423 1345 3487 minuen-

227 3505 302 3568 dam
331 3523 471 3566 causam.
514 3498 606 3576 Quae
635 3517 709 3558 cum
739 3495 900 3564 observari
925 3499 1048 3565 soleant
1068 3503 1103 3565 in
1124 3506 1343 3572 saecularibus

228 3609 356 3673 quoque
377 3582 516 3663 iudiciis,
536 3601 641 3643 nonne
663 3579 762 3645 multo
784 3583 886 3667 magis
908 3583 1027 3649 debent
1041 3587 1203 3652 observari
1226 3591 1261 3653 in
1282 3591 1345 3654 dis·

227 3669 439 3756 positionibus
461 3663 708 3729 ecclesiasticis?
744 3665 836 3731 Unde
854 3667 949 3749 idem,
972 3670 1028 3753 qui
1049 3693 1156 3756 supra,
1178 3673 1343 3738 Fabianus

227 3775 327 3840 papa:
351 3766 382 3818 si
400 3768 429 3817 in
446 3765 533 3826 rebus,
552 3748 656 3833 inquit
664 3759 685 3830 l,
708 3766 887 3817 saecularibus
904 3784 980 3818 suum
1000 3769 1094 3835 cuique
1113 3770 1155 3821 ius
1175 3780 1199 3822 et
1212 3774 1344 3838 proprius

226 3844 291 3896 crdo
314 3840 462 3893 seruandus
487 3846 533 3901 est,
560 3844 658 3902 quanto
683 3839 767 3904 napis
785 3837 814 3888 in
834 3839 1012 3892 ecclesiasticis
1031 3844 1247 3909 dispositionibus
1266 3847 1344 3897 nulla

227 3989 250 4042 a)
268 3990 328 4037 Quid
346 3990 373 4036 13
388 3986 467 4026 entend.
483 3983 573 4027 Sohund.
634 3984 657 4035 b)
675 3986 730 4024 deest
745 3986 806 4034 apud
820 3986 950 4028 Fabianum.

230 4112 257 4178 Ῑ)
286 4110 356 4162 Jaffe
388 4109 407 4161 l·
432 4125 456 4161 0·
482 4127 508 4175 P·
528 4108 591 4159 458·
684 4108 711 4170 2)
744 4111 898 4163 Marcellini
923 4116 999 4180 epist.
1025 4115 1146 4166 secunda
1170 4132 1194 4166 c.
1213 4117 1239 4179 3,
1276 4117 1344 4167 Hin-

227 4186 317 4237 ⁸⁰hl¹¹⁸
342 4203 368 4250 P·
384 4182 445 4233 222·
538 4182 567 4248 3)
592 4182 673 4246 Greg·
694 4197 755 4249 epp·
781 4186 834 4250 ΠΙ,
855 4186 880 4238 7.
974 4189 1001 4253 4)
1028 4189 1068 4240 cf.
1089 4189 1196 4239 Petrum
1216 4189 1344 4242 Crassum

227 4259 359 4322 (Sudend.
372 4259 439 4322 Reg.
458 4258 480 4318 I,
499 4274 525 4323 p.
539 4256 595 4321 40).
656 4253 684 4318 5)
703 4259 819 4311 Fabiani
838 4261 948 4312 decreta
967 4263 1039 4329 apud
1058 4263 1219 4313 Hinschinm
1238 4280 1268 4329 p.
1283 4265 1344 4317 165.

228 4330 257 4397 6)
279 4333 319 4384 cf.
338 4331 480 4382 Widonsm
506 4330 618 4391 Ferrea,
643 4328 691 4380 SS.
709 4333 773 4397 XII,
800 4352 825 4400 p.
841 4333 901 4386 173.
978 4337 1005 4400 7)
1030 4337 1148 4387 Fabiani
1167 4335 1276 4389 decreta
1301 4355 1345 4406 ap.

228 4405 388 4457 Hinschinm
407 4422 433 4472 p.
450 4404 511 4454 162.
532 4409 559 4454 et
579 4403 640 4452 163.
