2812 4830
225 378 261 426 64
415 377 465 428 Du
483 376 642 428 UNITATE
662 374 867 427 accnnsmn
888 373 1167 427 consueverint.

225 545 501 630 Respondenduns
524 554 570 608 est
591 546 688 608 etiam
710 544 773 624 luis,
795 543 908 628 inquit,
933 544 990 628 qui
1007 542 1219 627 spiritalibus
1234 565 1343 606 saecu·-

225 631 325 711 lariu,
348 630 470 694 diuinis
491 630 641 692 humana
659 628 883 714 praeferentes
906 636 934 691 et
955 629 1009 691 ius
1025 627 1230 692 sacerdotale
1251 625 1344 692 laicis

225 714 427 778 substernere
449 711 598 793 uolentes,
621 721 875 797 conqueruntur,
903 711 1108 775 Hearictuu
1140 734 1162 774 a
1184 710 1342 797 Greporio

225 799 293 862 sine
315 797 458 882 cnemplo
481 798 683 861 dannatum.
727 796 794 861 Sed
815 805 851 860 ut
872 797 1104 880 querimoniae,
1126 795 1244 880 inquit,
1273 796 1342 860 huic

225 881 392 945 silentium
418 884 601 965 imponant,
628 880 788 945 inclinent
819 902 917 944 aures
943 881 1101 960 historiis,
1124 901 1342 965 quamsaepe

222 965 394 1050 praesules
422 988 489 1030 non
516 965 618 1030 solunt
649 965 831 1048 apostolici,
861 965 918 1028 sed
944 965 1041 1028 atiani
1058 963 1290 1048 provinciales
1309 965 1341 1027 in

226 1048 415 1135 defensione
436 1051 522 1114 iuris
538 1052 694 1114 canonici
706 1048 815 1134 repuli
836 1051 903 1112 sive
919 1050 1131 1133 imperatorio
1147 1071 1216 1112 non
1228 1071 1341 1133 peper-

226 1143 340 1197 cerunt
367 1136 502 1198 nomini.
545 1133 644 1214 Ecce,
667 1154 742 1197 cum
771 1144 890 1218 quanto
918 1134 987 1218 agit
1008 1130 1114 1197 studio
1137 1133 1341 1216 pertinaciae,

225 1226 261 1282 ut
283 1227 413 1282 moveat
434 1239 492 1282 nos
514 1239 534 1281 a
556 1216 717 1282 soliditate
738 1216 812 1281 fidei
834 1226 973 1298 nostrae,
996 1217 1146 1301 quatinus
1169 1215 1341 1282 introducti

225 1302 276 1366 vel
304 1302 494 1366 testimoniis
524 1301 754 1387 scripturarum
782 1300 835 1365 vel
856 1301 997 1365 historiis
1018 1322 1125 1364 rerum
1150 1300 1342 1365 declinemus

225 1385 267 1450 ad
293 1395 418 1471 partem
449 1387 500 1449 sui
522 1385 671 1469 Gregorii
693 1406 808 1470 papae,
841 1406 915 1449 cum
941 1386 968 1450 is
991 1395 1077 1450 certe
1099 1386 1248 1471 utrisque
1269 1384 1342 1449 abn-

225 1478 321 1549 tatur,
343 1469 496 1534 vertendo
517 1466 598 1533 falsa
619 1471 890 1554 interpretatione,
916 1491 982 1534 non
1002 1490 1078 1534 vera
1099 1469 1236 1534 ratione.
1282 1467 1342 1547 Sed

226 1552 303 1617 nulli
339 1553 453 1617 horum
487 1553 647 1618 credimus
682 1553 843 1618 mediante
873 1555 955 1636 Deo,
992 1552 1102 1639 quales
1139 1553 1342 1618 antichristos

66 1653 216 1707 1.10h.t,1s.
227 1636 311 1702 dixit
331 1637 490 1702 Iohannes
519 1638 683 1723 apostolus
705 1638 823 1704 multos
851 1659 938 1702 nunc
963 1659 1033 1702 esse
1058 1638 1092 1701 in
1115 1636 1250 1719 mundo,
1272 1637 1343 1725 quia

226 1720 345 1785 Paulus
371 1721 545 1807 apostolus,
576 1744 633 1807 per
660 1745 755 1808 quem
782 1722 926 1808 loquitur
954 1720 1112 1800 Christus,
1143 1720 1224 1786 dicit
1251 1731 1283 1786 et
1312 1720 1342 1784 id

103 1805 366 1876 aar‚1‚s.secund0
389 1807 517 1892 repetit:
543 1807 634 1871 Licet
656 1829 716 1871 nos
739 1817 797 1871 aut
822 1807 960 1892 anpelus
983 1807 1022 1871 de
1042 1805 1131 1871 caelo
1147 1805 1343 1894 euanpeliaet

225 1890 314 1956 uobis
360 1901 567 1977 raeterquons
596 1891 683 1976 qnod
711 1890 1010 1976 euarspeliaavinaus
1040 1891 1140 1973 uobis,
1169 1890 1342 1955 anathema

225 1978 277 2040 sit.
340 1998 362 2038 x
385 1975 480 2039 huius
503 1983 589 2040 certe
612 1973 824 2040 anathematis
847 1973 975 2039 vinculo
997 1996 1092 2038 nemo
1114 1972 1197 2040 liber
1228 1975 1342 2055 existit,

224 2059 287 2123 nisi
320 2082 416 2145 quem
448 2057 554 2124 nullus
582 2080 671 2123 error
698 2057 845 2139 involvit,
873 2081 911 2122 ac
939 2059 1073 2145 perinde
1106 2060 1189 2124 sicut
1218 2070 1341 2123 sanctus

224 2141 291 2206 Leo
324 2165 410 2230 papa
443 2143 591 2208 scribit¹t
628 2157 659 2210 Si
688 2175 775 2211 omnes
804 2158 954 2211 sacerdotes
983 2164 1006 2210 et
1034 2158 1151 2210 nundus
1182 2158 1341 2210 msemiatur

224 2233 367 2297 damnatis,
399 2235 536 2285 damnatio
565 2232 752 2285 aasentientes
775 2231 894 2295 inuoluit,
922 2248 977 2283 non
996 2231 1261 2298 praeuaricationem
1286 2249 1340 2283 con·

225 2331 317 2367 sensas
338 2314 457 2368 absoluit.
497 2299 564 2366 Sub
588 2300 802 2366 damnationis
824 2299 953 2386 quidem
976 2301 1134 2364 sententia
1147 2311 1234 2381 sunt,
1258 2309 1342 2387 quot

225 2391 303 2467 quot
339 2382 507 2468 euangelio
547 2406 610 2447 non
651 2382 819 2466 obediunt,
856 2392 1014 2470 quotquot
1046 2384 1107 2448 Dei
1152 2384 1342 2450 ordinationi

224 2467 386 2548 resistunt,
416 2479 495 2552 quot
518 2479 574 2532 uot
593 2469 627 2530 in
648 2469 769 2534 unitate
795 2468 949 2533 eeclesiae
971 2489 1036 2531 non
1061 2478 1146 2551 sunt,
1178 2471 1340 2555 quoniam:

88 2566 214 2621 senuas.
232 2550 307 2614 Una
322 2559 376 2630 est,
393 2551 496 2635 inquit
545 2554 679 2624 ominus,
697 2553 842 2617 columba
857 2576 938 2633 ntea,
951 2552 1102 2636 perfecta
1116 2576 1200 2636 nen,
1218 2575 1284 2617 una
1298 2563 1342 2619 est

225 2632 305 2697 fides
321 2632 504 2717 christiana,
527 2658 609 2721 quae
624 2646 673 2701 est
687 2634 853 2701 catholica.
884 2634 1050 2701 Catholica
1064 2648 1174 2702 autem
1189 2640 1342 2704 veraciter

227 2725 276 2782 est
297 2716 361 2797 illa,
391 2740 473 2804 quae
500 2718 541 2784 ab
571 2721 713 2784 omnium
735 2719 931 2806 perfidorum
953 2728 1049 2807 atque
1071 2721 1113 2784 ab
1136 2743 1252 2787 eorum
1274 2746 1340 2788 suc·

226 2801 426 2866 sessoribus¹
439 2805 639 2869 consortibus
650 2804 784 2886 sincera,
795 2826 885 2890 pura,
900 2804 1106 2869 immaculata
1117 2809 1341 2872 communione

226 2894 275 2949 est
306 2884 417 2957 divisa.
463 2887 529 2953 Sed
556 2887 608 2954 ille
639 2889 694 2975 qui
723 2888 835 2954 scribit
861 2897 893 2953 ct
921 2888 1120 2971 testificatur,
1143 2912 1178 2954 se
1199 2891 1235 2955 in
1256 2900 1341 2978 parte

226 2971 274 3034 sui
298 2968 445 3055 Gregorii
475 2996 544 3038 esse
571 2982 603 3039 et
630 2982 755 3059 partem
784 2974 885 3059 ipsius
907 2972 1090 3055 defendere,
1116 2971 1180 3057 ille,
1202 2976 1340 3063 inquam,

225 3052 307 3136 talis,
324 3077 396 3119 cum
410 3057 452 3120 sit
466 3066 558 3122 extra
569 3057 770 3138 catholicam,
786 3056 847 3121 hoc
862 3066 911 3121 est
924 3057 1149 3140 universalem,
1164 3059 1340 3142 eeclesiam,

225 3139 346 3222 scribit,
369 3163 389 3204 a
412 3144 456 3206 ud
477 3165 547 3224 nos,
594 3143 627 3205 ui
648 3139 797 3205 nolumus
817 3142 993 3228 participes
1016 3165 1085 3208 esse
1106 3145 1250 3229 partium
1275 3165 1340 3209 sua·

225 3246 304 3308 rum,
327 3163 410 3290 nihil
421 3224 528 3291 valere
550 3164 693 3311 nihilque
715 3224 808 3289 nobis
831 3225 987 3311 proficere
1006 3239 1208 3293 sacramenta
1224 3227 1339 3294 Christi

225 3316 257 3371 et
278 3307 444 3390 eeclesiae,
473 3319 651 3395 quaesunt
677 3309 838 3394 baptisma
866 3319 897 3374 et
920 3309 1058 3375 chrisma
1078 3319 1178 3398 atque
1200 3312 1339 3399 comonis

224 3399 256 3455 et
277 3394 444 3477 sanguinis
466 3393 599 3457 Domini
622 3395 783 3477 mysteria,
806 3407 838 3458 et
858 3393 900 3457 ad
921 3394 1106 3479 augendum
1128 3395 1225 3461 nobis
1247 3408 1339 3463 terro·

124 3528 128 3533 .
224 3498 291 3541 rem
313 3477 487 3541 introducit
502 3485 612 3540 contra
626 3498 683 3540 nos
697 3477 912 3542 testimonium
934 3481 1036 3544 sancti
1051 3481 1237 3564 Augustini,
1282 3481 1340 3546 uod

224 3580 294 3641 nos,
323 3560 379 3646 qui
402 3561 564 3625 credimus
586 3568 618 3623 et
639 3561 830 3625 eonfitemur
852 3573 996 3627 sanctam
1019 3563 1189 3628 ecclesiam
1213 3504 1339 3632 calholi-

226 3663 306 3724 cam,
328 3653 512 3708 sanctorum
531 3645 796 3726 communionem,
819 3647 1040 3711 remissionem
1055 3659 1276 3734 peccatorum,
1297 3672 1338 3715 re·

224 3734 412 3810 torquemus
434 3749 451 3791 e
473 3728 599 3792 diverso
621 3728 655 3790 in
676 3751 741 3809 eos,
765 3731 820 3815 qui
842 3728 1077 3815 amplectuntur
1099 3755 1170 3798 esse
1197 3735 1232 3798 in
1254 3745 1338 3835 parte

225 3809 275 3873 sui
290 3810 449 3895 Gregorii.
481 3810 702 3897 Augustinus²
724 3813 758 3876 in
773 3835 919 3879 sermone
935 3815 975 3880 de
989 3814 1192 3902 blasphemia
1204 3818 1338 3906 Spiritus

225 3895 342 3957 saneti:
366 3908 397 3960 Si
415 3927 578 3977 quenquam,
599 3897 655 3974 aii,
675 3920 750 3964 entra
763 3913 897 3964 secusiam
910 3931 1018 3965 suornm
1026 3914 1164 3981 poeniteat
1172 3928 1338 3983 peccatorum

224 3990 249 4035 st
261 3983 342 4034 buius
361 3985 429 4036 tanti
442 3985 555 4050 peccati,
574 3980 666 4052 quoti
681 3984 784 4037 alienus
798 3993 836 4038 est
855 3987 888 4037 ab
901 3987 1011 4039 ecclesia
1024 3987 1085 4052 Dei,
1105 4006 1151 4041 cor
1169 3991 1337 4058 impoenitens

224 4166 247 4219 a)
263 4177 420 4209 successorum
437 4168 569 4209 consortio?
658 4167 682 4220 b)
699 4180 745 4218 quo
762 4169 818 4220 Aac.

225 4330 251 4392 1)
272 4328 374 4380 Locum
394 4330 465 4381 hunc
483 4345 537 4382 non
554 4332 654 4382 inveni.
730 4329 759 4394 2)
779 4331 921 4397 Augustini
940 4332 1030 4397 Opera
1050 4333 1083 4396 V,
1103 4350 1132 4401 p.
1152 4334 1217 4390 398.
