2812 4830
253 368 304 417 DE
324 367 483 418 UNITATE
505 367 711 420 Eccnnsmn
731 367 1007 421 consulatuum.
1137 368 1188 418 141

64 537 257 618 docuerunt,
280 536 419 621 ideoque
442 536 538 600 etiam
560 558 580 599 a
594 536 752 601 catholica
766 535 903 601 ecclesia
917 546 1188 621 apostataverunt,

64 623 126 708 qui
154 623 189 685 in
218 619 369 684 cathedra
396 618 596 705 pestilentiae
627 621 786 703 sederunt,
815 631 847 686 et
868 643 966 706 supra
987 621 1187 686 altitudinem

63 705 208 770 nubium
237 703 346 769 sedem
374 727 466 768 suam
497 716 692 789 posuerunt3
722 703 815 791 quale
846 704 971 770 scilicet
998 707 1187 790 mysterium

63 789 248 876 iniquitatis
271 789 493 875 praetendunt,
515 789 549 852 in
570 799 660 853 veste
687 812 746 854 sua
771 797 895 855 utentes
918 791 1037 874 capitio
1059 791 1187 855 tunicae

60 897 126 962 pro
143 873 279 956 cuculla,
302 895 385 958 quae
399 873 517 938 dicitur
533 875 638 937 minor
654 872 732 938 cella
754 884 786 937 et
799 873 897 938 babet
919 875 1060 958 speciem
1076 876 1189 958 crucis,

61 961 153 1024 sicut
185 958 308 1022 dictum
341 967 392 1022 est
420 979 529 1043 supra.
572 957 667 1022 Unde
700 968 733 1023 et
760 956 874 1022 beatus
906 958 976 1039 Iob,
1008 961 1064 1044 qui
1093 960 1188 1023 inter·

61 1051 216 1130 pretatur
249 1039 360 1107 dolens
393 1051 425 1107 et
450 1052 537 1106 tenet
567 1050 682 1127 typum
714 1040 765 1106 vel
793 1042 914 1106 Christi
944 1040 996 1106 vel
1022 1042 1188 1125 ecclcsiae,
1262 1084 1265 1092 ·

60 1128 287 1214 conqueritur,
310 1148 344 1190 se
367 1126 558 1191 circumdari
585 1125 790 1190 multitudine
819 1126 1043 1208 hereticorum,
1077 1126 1187 1212 quales

59 1222 143 1277 sunt
172 1210 381 1276 fabricatores
410 1209 570 1275 mendacii
596 1220 628 1274 et
650 1211 787 1276 cultores
809 1231 1033 1295 perversorum
1056 1212 1188 1296 dogma-

58 1306 152 1360 tum:
177 1297 218 1359 In
240 1293 455 1376 multitudine,
476 1295 590 1380 inquit,
612 1317 723 1360 eornm
744 1297 946 1360 consumitur
967 1298 1186 1359 uestimentum
1195 1317 1246 1359 Iob.
1255 1317 1291 1371 ao,
1301 1318 1337 1362 rs.

58 1404 184 1461 meum,
207 1390 236 1444 et
257 1381 355 1479 qnasi
377 1381 501 1464 capitio
522 1381 656 1444 tunicae
678 1382 725 1444 sic
747 1381 923 1444 cinxerunt
943 1402 1001 1443 rue.
1044 1379 1187 1444 Tunicae

57 1485 143 1529 vero
167 1464 322 1550 capitium
345 1461 523 1527 circumdat
543 1461 705 1527 induentis
728 1462 856 1546 collum,
882 1461 999 1528 collum
1025 1474 1132 1529 autem
1161 1465 1189 1528 si

59 1549 247 1632 stringitur,
269 1548 358 1611 vocis
379 1569 456 1611 usus
480 1557 511 1611 et
534 1547 638 1611 vitalis
659 1547 754 1613 flatus
783 1557 925 1613 necatur.
963 1547 1089 1633 Corpus
1111 1569 1188 1632 ergo

60 1631 224 1699 ecclesiae
246 1633 338 1718 quasi
360 1633 479 1716 capitio
500 1632 629 1696 tunicae
652 1633 792 1717 cingunt,
822 1633 876 1718 qui
904 1633 1085 1696 constrictis
1115 1631 1189 1696 doc-

58 1719 171 1782 trinae
193 1715 339 1780 salutaris
361 1715 635 1801 praedicatoribus
657 1715 744 1781 velut
772 1718 841 1780 eius
869 1715 986 1779 collum
1007 1726 1188 1802 prementes

59 1804 98 1866 in
131 1823 172 1866 ea
200 1798 348 1865 claudere
376 1802 438 1864 iter
463 1801 552 1864 vocis
573 1798 698 1882 volunt,
726 1799 819 1886 quale
848 1798 971 1865 scilicet
999 1803 1188 1885 mysterium

58 1885 248 1972 iniquitatis
276 1885 491 1969 praetendunt
522 1882 630 1969 plures
658 1885 807 1948 monachi
837 1884 871 1947 in
895 1894 985 1949 veste
1016 1897 1103 1964 sua1,
1131 1906 1189 1969 per

59 1992 149 2058 quos
173 1968 254 2033 fiunt
281 1978 313 2033 et
340 1968 426 2033 facta
448 1978 522 2033 sunt
544 1969 697 2032 scismata
717 1978 813 2055 atque
834 1967 962 2032 hereses
985 1970 1019 2032 in
1040 1969 1187 2050 ecclesia,

84 2054 123 2118 ui
147 2054 244 2118 etiam
266 2075 286 2117 a
307 2063 408 2118 matre
430 2051 512 2116 filios
534 2062 715 2137 segregant,
738 2074 814 2117 oves
829 2073 849 2115 a
864 2063 992 2136 pastore
1007 2051 1187 2135 sollicitant,

59 2077 132 2204 hei
161 2147 364 2201 sacramenta
393 2136 583 2217 disturbant,
610 2137 666 2222 qui
694 2137 801 2218 etiam,
822 2137 887 2200 Dei
913 2137 1084 2201 traditione
1113 2158 1187 2201 con-

57 2231 201 2307 tempta,
228 2221 349 2286 alienas
379 2220 542 2285 doctrinas
571 2230 729 2306 appetunt
750 2231 782 2286 et
810 2222 996 2306 magisteria
1027 2222 1187 2286 humanae

56 2307 278 2371 institutionis
300 2305 471 2387 inducunt,
501 2304 628 2391 qualem
655 2304 777 2369 scilicet
798 2306 1063 2371 consuetudinem
1086 2304 1189 2370 solent

56 2390 241 2456 defendere
271 2411 309 2453 ac
330 2388 483 2454 roborare
509 2412 568 2474 per
590 2390 693 2454 sancti
713 2390 813 2475 patris
835 2389 1023 2454 Benedicti²
1046 2390 1187 2454 testimo-

57 2480 167 2554 nium,
192 2495 255 2560 quo
278 2473 366 2555 dicit,
387 2474 594 2574 peregrinum
616 2496 777 2560 quemque
800 2474 993 2538 monachum
1016 2485 1186 2539 consuetu-

57 2560 142 2625 dine
171 2556 246 2638 loci,
276 2579 373 2644 quarn
393 2561 561 2639 rnvenerit,
584 2557 772 2643 simpliciter
792 2559 860 2623 t'ore
882 2567 1077 2623 contentum.
1121 2559 1187 2624 Sed

54 2665 199 2709 necesse
221 2652 270 2706 est
292 2642 455 2728 exipsius
477 2644 577 2728 patris
599 2643 757 2708 sententia
778 2641 969 2721 discernere,
992 2643 1078 2729 quod
1098 2643 1187 2708 volu-

56 2731 126 2794 erit
156 2727 363 2812 peregrinum
388 2727 529 2812 aliquem
556 2726 758 2808 monachum,
785 2737 895 2813 utpote
917 2727 1022 2792 adhuc
1043 2729 1187 2812 incogni-

55 2822 133 2878 tum
157 2822 190 2875 et
209 2812 291 2876 forte
312 2809 424 2876 rudem
446 2819 543 2896 atque
564 2809 846 2895 indisciplinatum,
868 2821 976 2876 tenere
998 2815 1033 2875 in
1055 2834 1186 2878 consue

56 2897 188 2963 tudinis
203 2896 432 2981 propositione,
454 2916 528 2958 cum
543 2893 630 2958 idem
644 2904 736 2979 pater
751 2894 896 2980 adprime
917 2895 1060 2959 eruditus
1077 2896 1187 2962 divina

55 2980 138 3068 lege
169 2990 202 3045 et
230 2982 306 3044 satis
335 2981 527 3044 exercitatus
556 2978 662 3042 studio
691 2977 821 3042 moralis
854 2979 1006 3044 scientiae
1037 2981 1187 3045 videatur

56 3064 248 3132 consentire
271 3086 344 3128 cum
368 3064 482 3128 ceteris
504 3061 722 3142 doctoribusss,
746 3063 801 3148 qui
823 3061 944 3143 dicunt,
966 3084 1089 3126 morem
1115 3087 1185 3129 esse

56 3170 261 3217 consensum
284 3151 425 3212 omnium
448 3146 543 3211 simul
564 3146 785 3228 habitantium,
814 3148 869 3232 qui
894 3147 1090 3211 inveteratus
1112 3169 1185 3212 con-

53 3233 271 3304 suetudinem
299 3232 387 3312 facit,
415 3233 498 3297 sicut
526 3241 574 3295 est
600 3251 769 3316 assurgere
797 3229 971 3295 maioribus
1000 3239 1032 3295 et
1060 3231 1184 3296 vultum

54 3329 162 3406 atque
185 3319 346 3381 incessum
368 3327 401 3382 et
421 3337 601 3382 sermonem
622 3325 718 3401 atque
733 3314 878 3379 habitum
898 3317 944 3378 ita
964 3314 1124 3379 moderari
1146 3339 1185 3382 ac

1199 614 1228 654 cf.
1235 613 1274 654 Ps.
1284 615 1305 666 1,
1314 615 1326 653 1
1335 624 1343 664 ς

1204 674 1244 714 Es.
1254 673 1334 725 14,14.

81 3424 189 3482 erere,
211 3409 247 3463 ut
261 3401 411 3465 honestas
425 3411 558 3465 naturae
572 3399 790 3485 perpendatur
811 3423 853 3464 ex
874 3421 999 3464 morum
1013 3399 1183 3485 probitate.

54 3427 150 3553 {lam
167 3487 238 3584 ipse
253 3495 345 3570 pater
360 3485 575 3550 Benedictus4
590 3494 733 3565 testatur,
756 3507 789 3549 se
806 3484 951 3569 regulam
966 3482 1183 3570 descripsisse,

54 3596 89 3638 ut
104 3587 189 3648 hanc,
206 3571 320 3654 lnquit,
339 3586 515 3647 observantes,
532 3583 560 3634 in
572 3584 740 3635 monasteriis
752 3584 858 3635 discant
871 3583 1039 3649 aliquatenus
1051 3584 1092 3634 uel
1105 3582 1183 3634 hone-

55 3669 161 3712 statem
180 3676 282 3710 morum
301 3664 348 3710 ant
366 3658 471 3709 initiam
490 3655 696 3708 convocationis
715 3665 817 3720 tenere‚·
843 3665 954 3710 cetermn
968 3673 1047 3722 posse
1065 3673 1118 3720 eos,
1137 3655 1185 3721 qai

54 3734 99 3786 cd
115 3733 309 3798 perfectionem
324 3730 528 3783 cenomantionis
541 3730 685 3794 festinant,
700 3747 752 3796 per
764 3731 899 3783 doctrinm
914 3739 1064 3781 auratorum
1075 3738 1184 3795 patrum

55 3816 84 3858 et
107 3823 165 3872 per
189 3804 313 3857 instituta
336 3822 425 3856 eornm
452 3804 489 3854 ad
513 3803 693 3854 celsitudinem
707 3803 880 3870 perfectionis
906 3803 1003 3868 uenire,
1023 3819 1082 3854 cum
1100 3820 1183 3854 sermo

59 3923 91 3990 1)
115 3923 160 3974 cf.
182 3922 271 3974 Oarm.
291 3923 420 3974 Lauresh.
440 3920 501 3987 (SS.
522 3921 595 3986 XXI,
615 3935 642 3984 p.
662 3921 743 3985 430):

288 3995 327 4046 Hi
341 4012 393 4061 per
411 4001 534 4045 tonsurus
552 3993 669 4059 prandes
685 3994 854 4059 praedesque
872 3994 986 4044 cucullae

288 4067 395 4120 Andent
412 4065 517 4118 mentiri
536 4064 646 4128 Christo,
662 4067 746 4131 plene
764 4066 916 4118 Pharisaei.

57 4142 90 4205 2)
118 4142 225 4193 Bened.
250 4144 318 4205 Reg.
346 4159 369 4192 c.
390 4142 433 4192 61.
515 4140 542 4203 3)
563 4139 603 4189 Cf.
630 4140 788 4205 Hieronymi
813 4140 948 4206 operui,
973 4157 999 4205 p.
1028 4141 1089 4190 120.
1117 4139 1183 4204 2683

56 4214 162 4267 Basilii
175 4216 265 4282 Opera
277 4217 316 4279 11,
336 4215 402 4278 5763
423 4214 565 4266 Soaomeni
577 4213 649 4263 Hist.
663 4213 732 4264 eccl.
751 4213 774 4276 I,
793 4214 840 4278 123
861 4213 1006 4264 Cassianus
1021 4215 1055 4264 de
1068 4215 1129 4265 inst.
1144 4212 1182 4275 II,

57 4290 106 4340 15.
127 4290 176 4351 IV,
193 4290 235 4340 16.
310 4289 338 4352 4)
358 4287 428 4340 Ibid.
443 4303 467 4337 c.
484 4288 533 4350 t33
553 4286 587 4336 cf.
602 4286 787 4338 Helmsdurfer
799 4287 817 4339 l.
832 4303 855 4338 c.
869 4304 894 4352 p.
909 4285 953 4348 85,
975 4303 1001 4338 n.
1020 4287 1052 4350 ὃς
1072 4288 1182 4352 Berger,

52 4362 122 4413 ‘Zur
142 4363 233 4413 Kritik
253 4363 301 4412 der
320 4361 498 4413 Streitscbrift
517 4360 550 4410 de
569 4361 636 4410 unit.
658 4359 724 4412 eccl.
746 4359 838 4420 cons),
857 4377 884 4425 p.
903 4361 948 4411 31.
