2812 4830
254 391 304 441 DE
322 390 480 442 UNITATE
500 389 704 443 nocensne
726 391 1000 445 CONSERVANDA.
1162 395 1196 446 91

76 578 157 635 atque
177 569 287 632 suadeo,
312 572 343 617 ut
362 567 395 618 ab
414 564 509 618 illicita
527 582 554 618 se
573 565 684 632 quisque
707 566 887 618 communione
911 568 1057 634 suspendat
1082 576 1106 620 et
1131 586 1197 635 quos

73 643 222 710 apostolico
240 642 314 694 sedes
332 642 362 692 in
380 640 509 692 consortio
529 639 718 691 communionis
737 656 803 692 suae
820 657 874 691 non
889 641 980 706 recipit
999 642 1103 692 omnino
1123 645 1198 708 refu-

69 717 140 784 giat,
158 735 193 770 ne
211 716 274 768 inde
292 731 354 767 reus
374 722 435 765 ante
450 719 614 779 conspectum
628 713 729 764 aeterni
741 712 853 776 Iudicis,
873 714 945 765 unde
958 721 1067 780 poterat
1084 716 1196 782 salvari,

72 799 208 854 castistas.
239 782 528 849 Idem11anaarto
551 784 703 866 episcopo
719 779 921 846 Sardiniae:
944 797 993 848 Fas
1013 814 1074 848 vero
1097 799 1144 865 qai
1163 802 1196 851 ab

73 874 253 928 ecelesiastica
271 871 450 926 communione
469 879 531 922 sunt
549 870 671 936 suspensi
688 872 780 922 nullus
797 871 936 939 religiosus
954 873 1099 923 secundum
1118 892 1197 926 cano-

72 965 141 1000 num
156 955 302 1015 praecepto
319 947 455 1013 iungatur,
480 945 527 996 sed
545 961 593 997 nee
611 943 665 995 illis
684 946 930 996 communicandum
952 951 991 997 est
1014 946 1061 1011 qni
1084 964 1196 999 commu

71 1030 167 1082 nicam
186 1029 427 1082 excommunicatis.
458 1011 634 1078 Gelasias²
657 1022 772 1077 contra
784 1013 943 1097 santones
965 1012 1096 1078 Acatii:
1120 1029 1198 1082 Nihil

72 1101 151 1156 nobis
180 1119 314 1155 commune
342 1119 400 1153 curn
424 1103 573 1154 bominibus
598 1102 788 1154 commeationis
813 1112 946 1167 externae,
965 1119 1013 1153 neo
1034 1104 1197 1169 praetendat

72 1178 231 1244 quisquam,
265 1176 336 1243 quod
371 1177 452 1228 alicui
476 1174 597 1242 forsitan
633 1174 789 1228 evidentiori
819 1194 873 1227 non
905 1175 1118 1228 communicasset
1155 1179 1197 1229 uei

73 1250 267 1303 commmsicare
294 1250 418 1301 uideatur
446 1251 565 1302 beretico.
605 1247 679 1311 Quid
707 1248 775 1301 enim
802 1251 885 1312 iuuat,
912 1249 936 1300 si
962 1248 1003 1299 illi
1027 1256 1101 1300 nona
1127 1268 1195 1302 com·

71 1324 196 1390 muniret,
225 1333 249 1375 et
276 1321 317 1374 bis
345 1330 433 1374 tamen
461 1324 640 1375 communione
665 1323 801 1389 iungatur,
827 1324 873 1388 qui
898 1322 931 1374 ab
956 1322 1029 1372 illius
1054 1340 1108 1374 non
1132 1333 1195 1374 sunt

73 1397 255 1449 communione
285 1395 405 1448 diversit
445 1397 518 1458 Quid
543 1397 664 1463 profuit,
692 1398 763 1461 quod
793 1396 880 1448 uideri
906 1396 1010 1448 solebat
1036 1395 1077 1446 itti
1098 1398 1195 1462 palam

72 1496 129 1530 non
155 1478 356 1543 communicare,
382 1479 427 1530 cui
448 1497 501 1545 per
529 1496 591 1531 suos
619 1478 754 1544 complices
782 1476 952 1531 nectebatur?
1002 1463 1094 1527 Haec
1127 1466 1195 1550 qui-

72 1546 147 1611 dem
189 1557 374 1612 sanctorum
411 1555 539 1632 patrum
579 1547 762 1611 testimonia
796 1545 1021 1647 amplectimur
1057 1568 1096 1610 ea
1131 1570 1195 1635 qua

72 1629 207 1715 dignum
239 1641 289 1696 est
316 1633 534 1712 veneratione,
566 1630 623 1696 sed
651 1632 786 1694 nimium
815 1653 1014 1716 mmrumque
1042 1652 1107 1695 nen
1137 1656 1194 1697 ex-

95 1715 277 1779 avescimus
318 1737 357 1780 ea
395 1737 454 1800 pro
494 1714 590 1780 huius
628 1716 782 1800 temporis
826 1715 1029 1798 confirsione,
1065 1718 1193 1801 quande

71 1738 289 1863 liereticorum
324 1797 420 1864 simul
462 1799 753 1886 catholicorumque
798 1800 997 1864 confessione
1039 1803 1194 1883 permista

70 1894 190 1948 cuncta
219 1905 315 1948 verae
342 1894 375 1947 et
400 1904 554 1967 syncerae
581 1884 745 1968 religionis
771 1884 939 1948 turbantur
972 1883 1193 1971 catholicaque

70 1977 104 2032 et
136 1967 314 2052 apostolica
346 1969 469 2052 puritas
502 1969 716 2034 confunditur.
771 1967 858 2032 Ecce
894 1967 979 2030 enim
1014 1967 1193 2053 Hartvigus

69 2051 382 2137 Magadaburgensis
404 2053 584 2139 episcopus,
608 2054 664 2139 qui
686 2051 844 2118 semelae
866 2052 1007 2116 secundo
1023 2052 1193 2117 damnatus

69 2145 130 2216 est,
154 2137 238 2200 sicut
258 2158 335 2202 vere
356 2158 455 2222 supra
476 2136 629 2219 diximus,
651 2139 721 2222 ipse
735 2136 850 2201 videns
872 2137 992 2200 diutius
1014 2158 1077 2200 nen
1095 2160 1192 2222 posse

70 2229 185 2284 contra
205 2221 432 2305 imperatorem
454 2223 674 2306 episcopatum
698 2244 791 2285 suum
813 2220 1023 2305 repugnando
1047 2220 1109 2285 sibi
1123 2222 1192 2285 vin-

70 2304 192 2386 dicare,
220 2303 391 2369 simulabat
417 2326 490 2369 cum
512 2328 550 2370 eo
572 2316 703 2392 pactum
725 2306 813 2390 pacis
834 2305 939 2370 facere
961 2314 993 2369 et
1015 2305 1191 2391 supplicem

70 2410 105 2453 se
133 2411 172 2452 ac
200 2388 353 2453 devotum
376 2388 406 2454 ei
428 2389 579 2472 offerre³3
604 2391 660 2475 qui
682 2391 789 2471 etiam,
812 2400 847 2454 ut
868 2387 993 2454 facilius
1016 2391 1192 2474 promereri
1202 2414 1266 2457 ross.

67 2483 181 2558 posset
195 2472 417 2558 episcopatum
440 2474 481 2538 ab
496 2474 699 2559 imperatore,
722 2474 939 2558 promittebat,
958 2485 1090 2538 cunctos
1106 2475 1192 2559 prin-

69 2559 173 2642 cipes,
203 2558 259 2642 qui
287 2557 393 2622 adhuc
421 2568 528 2622 essent
558 2580 629 2622 cum
652 2580 689 2622 eo
713 2557 887 2640 discordes,
909 2559 1100 2642 ingratiam
1123 2561 1192 2623 eius

67 2640 235 2705 reducere.
278 2641 324 2706 At
344 2642 528 2728 imperator,
552 2664 630 2728 prae
658 2643 758 2707 nimio
789 2665 897 2706 amore
920 2644 1009 2728 pacis
1031 2665 1096 2706 non
1119 2664 1192 2705 con-

68 2723 238 2810 syderans,
261 2727 338 2811 quia
358 2723 451 2810 lupos
472 2728 505 2790 in
523 2726 604 2791 ovile
620 2728 729 2791 ovium
751 2728 961 2791 intromittere
980 2727 1041 2790 hoc
1063 2748 1129 2789 non
1151 2727 1193 2791 sit

67 2807 268 2873 consrduisse
302 2807 459 2874 ecclesiae
490 2808 542 2875 vel
570 2813 617 2876 rei
643 2810 802 2897 publicae,
834 2811 973 2895 acceptis
1005 2812 1192 2875 iuramentis

67 2915 167 2978 super
195 2894 372 2979 premissae
398 2893 475 2958 fidei
495 2895 655 2977 firmitate,
677 2895 816 2960 reddidit
837 2894 867 2959 ei
887 2895 1005 2959 iniuste
1028 2897 1192 2980 episcopa-

68 2987 139 3040 tum
166 2977 301 3063 absque·
319 2977 467 3062 synodali
493 2981 704 3044 conventione
727 2990 759 3044 et
780 2978 902 3062 absque
925 2999 1084 3042 consensu
1106 2977 1191 3043 sedis

66 3059 276 3146 apostolicae,
306 3060 392 3147 quod
420 3061 541 3126 factum
571 3072 620 3127 est
649 3071 760 3149 quarto
790 3083 873 3125 anno
904 3070 1076 3147 postquam
1107 3065 1191 3127 iuste

67 3145 238 3230 depositus
268 3153 316 3210 est
348 3145 494 3230 synodali
526 3147 656 3211 iudicio.
700 3146 784 3210 Tum
817 3167 893 3211 vero
926 3144 979 3208 ille
1011 3146 1190 3230 Hartvigus

67 3239 185 3294 nactus
217 3231 430 3314 occasionem,
465 3253 529 3317 qua
560 3241 669 3316 posset
698 3230 815 3296 habere
844 3228 982 3294 liberum
1011 3229 1086 3293 hinc
1114 3229 1190 3293 inde

66 3314 235 3379 introitum
256 3312 352 3378 simul
373 3324 406 3379 et
420 3316 553 3396 exitum,
576 3317 684 3400 coepit
703 3315 807 3381 redire
829 3314 870 3378 ad
887 3323 1057 3378 consuetae
1079 3311 1191 3377 factio·
1236 3391 1237 3394 Ἴ

66 3398 118 3461 nis
134 3398 314 3463 exercitum
335 3408 367 3462 et
380 3399 548 3464 traducere
564 3401 734 3486 episcopos
757 3409 788 3464 et
802 3399 965 3485 principes
981 3399 1079 3462 totius
1098 3399 1191 3482 regni

67 3481 111 3546 ad
133 3492 258 3567 partem
280 3483 331 3546 sui
351 3505 456 3568 papae
480 3482 639 3569 Gregorii,
667 3493 698 3549 et
719 3495 756 3550 ut
782 3485 907 3548 auctius
928 3483 1132 3548 resuscitaret
1152 3502 1191 3545 ac

68 3677 92 3731 a)
109 3681 166 3720 deest
182 3682 208 3733 1,·
224 3682 294 3731 recepi
308 3693 334 3722 ea
349 3681 393 3722 Get.

70 3850 95 3914 1)
117 3849 243 3915 Gregorii
264 3850 404 3917 Epistolse
426 3851 475 3915 IV,
496 3851 540 3902 24.
635 3853 662 3916 2)
681 3850 760 3902 Thiel
779 3870 806 3919 p.
826 3852 890 3903 425.
911 3854 974 3906 434.
1069 3855 1097 3918 3)
1120 3855 1190 3906 Num

66 3923 218 3988 Hartvigus
242 3923 416 3985 simulaverit,
440 3941 469 3976 se
497 3941 557 3975 cum
582 3926 742 3991 imperatore
768 3941 863 3992 pacem
890 3927 990 3990 facere,
1011 3927 1120 3978 dubium
1140 3933 1189 3979 est.

66 3996 136 4047 Nam
158 4012 218 4048 cum
232 3996 280 4048 alii
298 4000 441 4063 scriptores
460 3997 533 4049 illius
553 4001 649 4050 aetatis
671 3999 704 4048 de
720 3998 835 4065 perfidia
848 4001 973 4064 Hartvigi
993 4001 1059 4050 nihil
1078 4002 1191 4052 afferant

66 4075 95 4120 es
112 4086 173 4120 cum
184 4070 348 4121 Waltramus
367 4073 416 4122 sub
436 4069 516 4122 finein
536 4072 656 4122 eiusdem
671 4074 767 4138 capitis
781 4079 879 4137 narret,
900 4074 1061 4138 Hartvigum
1074 4075 1189 4139 Mogun-

67 4144 122 4193 tiae
144 4142 246 4194 celebri
266 4150 400 4195 conventu
425 4152 451 4196 et
470 4148 631 4211 imperatore
657 4152 798 4212 praesente
824 4146 892 4196 festo
912 4148 1061 4197 nativitatis
1079 4147 1189 4197 Domini

66 4216 162 4268 solitas
188 4217 391 4269 benedictiones
417 4219 523 4282 fecisse,
548 4219 576 4268 id
602 4221 674 4284 quod
699 4236 752 4270 non
776 4219 862 4270 solum
883 4236 944 4269 eum
962 4221 1051 4270 verbis
1071 4222 1188 4272 emnium

66 4289 180 4341 alierum
207 4292 368 4356 scriptorum
395 4292 443 4342 sed
468 4294 549 4343 etiam
573 4294 657 4358 ipsius
683 4292 824 4343 Waltrami
850 4299 960 4359 pugnat,
986 4294 1065 4344 etiarn
1090 4294 1188 4343 bacin

66 4379 95 4413 re
120 4364 179 4414 eius
202 4365 293 4415 verbis
319 4363 399 4415 fidem
425 4366 524 4416 habere
553 4365 654 4418 dubito.
