2812 4830
250 373 300 423 DE
319 373 478 424 UNITATE
498 371 704 424 Eccnnslnn
725 373 1000 425 CONSERVANDA.
1175 377 1195 426 b

67 539 280 626 potestatem?
309 541 398 604 Bene
410 541 476 624 fac
499 549 527 604 et
550 540 680 604 babebis
702 541 834 604 landem
856 562 895 602 en
916 539 996 621 inm·
1019 541 1084 604 Dei
1106 543 1197 604 enim

71 627 221 689 minister
248 624 307 688 tibi
327 627 365 688 in
392 624 510 689 bonnm
517 647 530 705 ‚·
552 628 579 687 si
608 634 714 688 antem
740 623 824 688 maie
841 623 977 708 feceris,
1006 626 1096 704 time,
1124 646 1193 687 non

72 713 154 773 enim
176 710 248 772 sine
263 729 367 772 cansa
385 707 535 794 gladium
546 717 659 792 portat
665 729 677 789 ,·
699 709 765 772 Dei
779 711 865 773 enim
879 709 1027 772 minister
1041 718 1096 788 est,
1119 709 1190 772 vin·

72 794 136 857 den
167 794 204 856 in
236 795 322 857 iram
356 794 386 855 ei
439 795 477 856 ai
503 792 626 856 malam
656 794 736 877 opit.
779 789 833 854 Ex
862 790 911 854 his
941 801 1026 855 certe
1055 788 1195 876 apostoli

70 875 179 941 verbis
201 882 347 961 apparet,
369 815 534 939 ordinasse
552 875 670 957 Deum,
692 896 755 938 non
777 896 836 959 per
857 875 1016 941 antistites
1039 884 1070 940 et
1092 873 1191 940 ecole-

71 961 192 1023 siarum
213 960 377 1044 principes
400 960 507 1022 cmnia
528 959 662 1023 crimina
682 957 870 1040 vindicari1,
894 958 951 1023 sed
971 981 1010 1024 ea
1032 981 1114 1044 quae
1137 980 1197 1022 ex·-

73 1043 192 1108 cedunt
227 1043 460 1107 districtionem
492 1041 728 1107 ecclesiasticae
764 1041 903 1106 lenitatis
939 1043 1097 1106 vindicari
1134 1063 1193 1127 per

72 1126 219 1190 Iudicem
238 1126 359 1190 mundi.
393 1125 619 1190 Sacerdotale²
643 1127 728 1190 enim
749 1126 905 1190 iudicium
927 1148 991 1190 non
1012 1125 1109 1190 habet
1130 1127 1196 1189 nisi

71 1209 215 1294 gladium
237 1211 377 1295 spiritus,
400 1209 486 1294 quod
507 1222 556 1274 est
573 1210 708 1275 verbum
726 1211 800 1292 Dei,
823 1220 919 1296 atque
934 1210 1017 1293 ideo,
1039 1233 1112 1274 cum
1134 1232 1193 1295 per

73 1293 307 1359 ecclesiasticas
328 1295 457 1378 regulas
478 1315 541 1357 non
580 1295 696 1358 otuerit
714 1293 872 1358 hereticos
887 1316 1034 1359 coercere
1056 1292 1200 1358 ecclesia,
1266 1343 1268 1348 ,

72 1377 147 1459 Dei,
180 1378 358 1459 adiuvatur,
387 1380 470 1442 siout
490 1379 535 1441 ait
556 1315 669 1442 beatus
690 1377 757 1443 Leo
779 1400 875 1463 papa,
899 1379 1017 1443 severis
1040 1379 1196 1443 constitu·

72 1461 214 1526 tionibus
241 1461 486 1526 christianorum
512 1461 708 1547 principum,
735 1463 863 1548 quando
886 1463 927 1526 ad
949 1462 1092 1547 spiritale
1114 1484 1192 1525 non-

71 1567 237 1631 nunquam
258 1556 428 1610 recurrunt
441 1545 618 1610 remedium
664 1547 697 1608 ui
712 1547 825 1610 timent
840 1547 1005 1631 corporale
1024 1546 1197 1610 iudicium.v

72 1629 178 1714 Saepe
207 1638 315 1693 autem
344 1631 489 1713 contigit,
519 1651 612 1713 reges
638 1567 763 1714 iliquos
791 1629 843 1693 vel
857 1631 1072 1714 >imperatores
1093 1629 1192 1694 fuisse

70 1712 283 1777 hereticorum
311 1713 453 1778 fautores
475 1723 571 1798 atque
594 1711 790 1795 defensores,
813 1713 870 1777 sed
893 1726 1010 1799 quanto
1033 1713 1192 1778 crudelior

71 1796 172 1861 hostis
201 1796 244 1860 ad
265 1797 458 1878 nocendum,
486 1805 575 1860 tanto
597 1798 816 1882 perspicacior
838 1819 915 1861 cura
937 1808 1004 1863 erat
1026 1799 1198 1884 episcopo--

71 1902 142 1943 rum
172 1902 231 1964 pro
261 1882 442 1966 expetenda
471 1902 552 1966 pace
581 1879 797 1962 ecclesiarum,
819 1883 971 1966 quoniam
992 1884 1085 1946 iuxta
1106 1881 1192 1944 Ana-

71 1965 161 2028 stasii
182 1985 288 2049 papae
309 1966 528 2028 testimonium
551 1962 603 2029 ille
625 1986 685 2048 pro
708 1963 836 2028 Christo
857 1964 1001 2050 fungitur
1021 1965 1192 2050 legatione,

72 2049 127 2133 qui
154 2069 213 2131 pro
240 2069 321 2133 pace
349 2057 499 2134 precatur
528 2047 716 2111 eeclesiae³..
756 2048 960 2133 Quapropter
988 2049 1076 2112 idem
1104 2049 1192 2112 Ana-

72 2131 189 2195 stasius
225 2132 337 2196 scribit
372 2132 415 2196 ad
446 2132 651 2196 Anastasium
688 2133 914 2215 imperatorem
949 2133 1122 2197 hereticum
1160 2143 1193 2197 et

72 2214 272 2280 defensorem
294 2215 543 2280 hereticorum⁴z
574 2219 767 2272 Gloriosissimo
787 2228 811 2272 et
830 2222 1025 2274 clementissimo
1037 2221 1098 2287 filio
1117 2219 1191 2272 Ana·

71 2303 155 2355 stasio
175 2313 287 2371 anpasta
301 2306 462 2356 Anastasius
482 2307 627 2371 episcopas.
656 2305 807 2354 Exordium
821 2304 992 2368 pontificatus
1005 2303 1056 2354 mei
1063 2304 1197 2369 primitus:

72 2378 163 2428 oblata
184 2378 292 2443 papalis
313 2396 382 2443 pace
402 2377 567 2444 pronuntio;
594 2384 779 2442 consequenter
796 2394 849 2442 pro
860 2377 917 2442 fide
937 2376 1065 2427 catholiea
1084 2376 1196 2427 humilis-

65 2451 164 2516 pietati
189 2460 251 2501 tuae
270 2460 398 2516 precator
422 2469 540 2515 accurro,
565 2450 593 2499 in
619 2465 730 2515 qnorum
745 2448 833 2515 primo
854 2450 974 2499 diuinum
985 2450 1111 2515 fauorem
1125 2466 1190 2514 pro-

65 2522 215 2590 pinquasse
243 2524 352 2589 confido,
378 2525 450 2589 qnod
475 2523 648 2575 consonantia
672 2522 702 2572 in
726 2540 766 2573 me
792 2521 971 2590 angustissimi
995 2521 1109 2573 nominis
1137 2539 1195 2573 non·

71 2595 181 2647 dubiam
196 2605 320 2662 praestat
333 2597 473 2660 auxilinm,
493 2606 522 2646 at
534 2595 602 2646 sient
614 2596 770 2645 uocabulum
785 2595 894 2660 pietatis
910 2604 972 2646 tuae
986 2613 1038 2660 per
1051 2596 1191 2647 uniuersas

70 2676 161 2737 pentes
186 2675 236 2720 toto
262 2670 323 2720 orde
344 2671 506 2736 praefulget,
532 2668 572 2719 ita
586 2685 638 2733 per
656 2667 829 2719 ministeriam
848 2685 920 2718 meae
939 2667 1104 2738 hamilitatis,
1124 2670 1191 2719 sient

70 2758 173 2808 semper
198 2752 244 2805 est,
270 2743 344 2792 sedes
369 2742 512 2794 beatissimi
530 2741 604 2792 Petri
626 2740 656 2791 in
678 2740 825 2791 uniuersali
848 2742 956 2792 ecclesia
983 2742 1149 2808 arripientem
1174 2758 1192 2790 a

70 2815 176 2866 domem
195 2815 253 2865 Deo
272 2823 359 2866 renem
373 2815 565 2882 principatum.
603 2807 647 2872 Et
669 2808 817 2872 Gelasius
839 2830 926 2893 papa
955 2807 1098 2873 scribens
1118 2828 1198 2892 per·
1258 2849 1261 2853 ›

70 2889 172 2954 multa
193 2890 236 2954 ad
251 2890 389 2955 eundem
403 2892 611 2955 Anastasium
626 2892 851 2977 imperatorem
873 2914 931 2977 pro
946 2913 1027 2976 pace
1043 2891 1192 2956 ecclesia-

71 2975 163 3056 stica,
178 2974 225 3037 sio
239 2975 285 3039 ait
298 2977 382 3040 inter
393 2984 499 3040 cetera
508 2986 535 3038 ⁵:
549 2980 607 3032 Fili
618 2980 823 3043 clementissime,
841 2999 904 3047 rope
918 2990 941 3032 te
949 2998 1028 3047 pare,
1041 2981 1150 3046 sincere,
1163 2988 1192 3032 nt

74 3081 115 3115 me
132 3064 162 3114 in
180 3065 231 3115 bac
248 3063 304 3114 nita
324 3063 423 3115 audias
437 3065 530 3130 potins
548 3064 739 3129 deprecantem,
759 3081 847 3128 paam,
868 3065 938 3128 qnod
958 3063 1033 3126 absit,
1052 3063 1081 3114 in
1100 3062 1191 3114 divino
1262 3064 1268 3073 ”

71 3136 173 3188 indicio
201 3135 301 3188 sentias
330 3144 503 3190 accusantem.
544 3131 599 3195 Sic
628 3138 724 3212 certe,
757 3131 803 3193 sio
833 3129 978 3194 solebant
998 3131 1071 3194 Deo
1102 3131 1191 3214 digni

71 3211 242 3298 pontifices
277 3213 415 3277 Romani
451 3213 639 3312 suppliciter
674 3213 841 3298 deprecari
876 3235 936 3300 pro
973 3213 1193 3278 ecclesiastica

71 3318 161 3382 pace,
191 3317 256 3359 non
286 3307 484 3382 quaerentes,
513 3319 612 3361 1mmc
634 3319 811 3382 numquam
834 3299 1051 3383 concipientes
1073 3299 1196 3380 animo,

71 3379 196 3465 aliquos
228 3380 268 3445 de
300 3380 432 3465 regibus
464 3383 531 3446 sive
564 3382 812 3467 imperatoribus
845 3382 1022 3467 deponere3
1055 3391 1086 3446 et
1117 3382 1196 3446 ideo

69 3486 184 3549 pacem
216 3465 443 3549 quaerentibus
471 3475 568 3550 atque
590 3486 705 3564 pacem
728 3465 933 3530 offerentibus
954 3466 1066 3530 aderat
1086 3465 1196 3546 Deus„

70 3569 280 3613 remunerans
295 3548 515 3630 humilitatem,
537 3551 723 3634 pauentiam
740 3559 772 3614 et
785 3550 1064 3615 mansuetudinem
1079 3571 1191 3613 eorum

71 3643 104 3695 et
125 3632 293 3696 vindicans
316 3656 349 3697 se
371 3654 471 3719 super
491 3633 638 3697 hostibus
660 3655 783 3697 eorum.
825 3633 909 3697 Nam
936 3644 1108 3718 postquam
1137 3632 1195 3698 ille

70 3716 167 3780 etiam
190 3716 380 3780 Anastasius
402 3718 576 3802 imperator
602 3716 760 3782 hereticus
790 3717 953 3803 praesules
983 3716 1190 3781 ecclesiarum

69 3799 289 3884 supplicantes
316 3800 427 3865 audire
457 3803 657 3886 contempsit,
685 3800 796 3865 divino
825 3801 945 3866 iudicio
972 3801 1106 3866 adustus
1133 3799 1194 3864 ful·-

69 3884 158 3946 mine
179 3884 310 3948 interiit.
354 3885 489 3965 Quaerit
509 3895 616 3949 autem
637 3907 723 3949 nunc
745 3884 860 3983 aliquis
882 3884 1070 3970 pontificum
1096 3885 1193 3969 depo-

69 3989 147 4031 nere
161 3967 341 4052 prinoipem
356 3968 561 4054 populorum,
578 3967 664 4054 quod
680 3977 728 4032 est
743 3979 884 4033 excitare
900 3969 992 4054 quasi
1007 3967 1190 4032 incendium

72 4175 103 4242 1)
124 4176 165 4228 of.
185 4179 275 4228 Bruno
296 4177 330 4227 de
350 4179 376 4229 b.
397 4178 459 4229 Sex.
480 4194 503 4228 c.
519 4177 567 4240 673
588 4184 615 4229 et
632 4179 702 4228 infra
720 4178 801 4239 1,11.
823 4184 849 4228 et
868 4179 945 4241 11,1.
1012 4179 1041 4242 2)
1063 4176 1103 4229 cf.
1124 4178 1194 4230 eoo.

69 4250 195 4301 Udalrici
215 4252 260 4310 49,
280 4251 322 4302 ed.
335 4250 407 4302 Jaffe
417 4253 450 4313 V,
469 4269 496 4317 p.
513 4251 574 4301 107.
595 4257 622 4301 et
636 4250 696 4302 108.
753 4252 781 4312 3)
800 4251 877 4302 Thiel
896 4252 919 4316 I,
939 4269 964 4317 p.
980 4251 1041 4302 616.
1089 4252 1117 4314 4)
1137 4250 1155 4300 l.
1167 4267 1194 4300 c.

71 4341 99 4390 p.
117 4323 180 4375 615.
200 4329 228 4374 et
247 4324 309 4375 616.
386 4324 413 4387 ὅ)
434 4324 581 4375 Hinschius
602 4341 629 4390 p.
649 4323 711 4374 640.
