2812 4830
251 366 286 418 60
450 365 501 415 DE
521 364 680 416 UNITA'I’E
699 362 904 415 EOCLESIAE
924 360 1205 416 consultatum.

249 544 349 600 tatem
376 531 568 596 abscindere
597 541 630 595 et
655 552 823 616 perversos
855 530 1062 614 perturbare3
1092 531 1190 616 quod,
1219 532 1371 618 inquiunt,

251 619 307 766 aui
339 615 474 702 negligit
506 616 627 695 facere,
668 615 869 679 convincitur
897 614 1057 698 impietati
1090 635 1204 679 eorum
1237 616 1367 683 faveret

283 710 433 766 ttestante
455 701 541 764 enim
564 699 677 764 eodem
700 709 792 785 patre
816 696 883 764 Gre
908 701 1008 780 orio²,
1037 698 1174 764 ecclesia
1199 700 1244 765 ab
1267 701 1368 768 adver·

252 786 343 850 sariis
365 787 432 849 suis
453 785 709 871 persecutionem
732 785 854 868 patitur
876 721 1002 847 duobus
1024 782 1139 865 modis,
1170 784 1297 851 scilicet
1322 795 1370 852 aut

250 870 358 935 verbis
385 878 441 933 aui
469 867 593 954 gladiis.
638 883 692 936 Sed
717 900 776 934 eam
799 882 894 946 verbis,
926 868 1039 953 inquii,
1060 883 1275 949 persecutionem
1298 885 1368 937 sarh·

250 968 302 1024 aet,
322 966 457 1012 exercetur
476 957 532 1010 eias
552 958 693 1024 sapientia,
719 973 777 1008 cam
796 974 858 1008 vero
875 957 984 1022 gladiis,
1003 965 1137 1008 exercetur
1157 957 1216 1009 cias
1230 959 1368 1024 patieutis.

249 1027 335 1091 Ecce
363 1029 582 1113 inpugnamur
603 1047 668 1088 non
690 1023 794 1088 solum
816 1023 967 1109 periculis
988 1022 1145 1089 bellorum
1172 1023 1229 1089 vel
1258 1027 1367 1111 pugnis

249 1115 433 1192 verborum,
465 1109 523 1173 sed
552 1110 650 1174 etiam
677 1109 805 1192 scriptis
833 1109 1101 1190 adversariorum,
1131 1117 1163 1173 et
1192 1109 1284 1194 quod
1305 1133 1368 1195 gra

249 1196 418 1260 vissimum
451 1194 545 1259 nobis
578 1207 642 1275 est,
677 1192 923 1257 introducuntur
953 1202 1064 1258 contra
1096 1214 1156 1256 nos
1188 1195 1367 1259 testimonia

250 1279 441 1345 Sanctarum
471 1278 727 1363 scripturarum,
760 1285 796 1341 ut
827 1299 875 1358 ea,
909 1275 1028 1363 quibus
1062 1279 1231 1342 coronavit
1264 1277 1368 1342 Domi·

248 1387 308 1427 nus
331 1361 499 1428 ecclesiam
522 1383 614 1426 suam
636 1383 696 1447 per
718 1371 845 1425 sanctos
866 1371 974 1447 patres
997 1361 1088 1449 quasi
1110 1371 1204 1426 scuto
1234 1362 1367 1448 quodam

272 1447 467 1527 rotectionis,
500 1467 586 1509 nuno
619 1468 660 1510 ex
692 1456 784 1531 parte
817 1446 881 1510 sint
913 1444 1053 1510 hostium
1087 1446 1180 1531 quasi
1212 1468 1274 1533 pro
1307 1448 1367 1534 qui·

248 1469 385 1596 busdam
425 1530 513 1611 telis,
552 1529 670 1628 quibus
709 1538 798 1594 tanto
836 1531 966 1614 gravius
1004 1528 1190 1595 vulneretur
1227 1529 1366 1612 ecclesia,

252 1626 372 1699 quanto
404 1615 616 1699 perniciosius
648 1614 752 1678 solent
783 1612 957 1678 familiares
991 1615 1114 1678 inimici
1147 1615 1181 1677 in
1212 1614 1311 1680 corde
1339 1624 1366 1680 et

252 1699 348 1763 corde
369 1699 458 1785 loqui
485 1721 544 1785 per
566 1697 652 1762 labia
674 1696 794 1762 dolosa.
837 1697 932 1763 Unde
959 1698 1024 1763 iam
1052 1698 1223 1763 imminere
1246 1698 1367 1765 videtur

116 1845 139 1884 Μ
175 1845 190 1884 h
219 1781 305 1884 4illa
333 1805 451 1867 magna
477 1782 651 1865 tribulatio,
677 1780 803 1868 qualem
835 1781 915 1846 dicit
944 1782 978 1846 in
1008 1781 1177 1867 euangelio
1209 1783 1365 1849 Dominus

133 1845 316 1947 ffi’ssJnon
335 1868 434 1932 fuisse
456 1868 498 1933 ab
520 1868 611 1933 initio
634 1866 746 1930 mundi
769 1866 999 1952 usquemodo.
1044 1869 1189 1933 Tartesi
1211 1871 1297 1953 qaia,
1324 1871 1365 1932 in·

251 1953 330 2038 quit,
352 1953 441 2017 vohis
463 1953 602 2017 dicerit:
640 1952 733 2016 ‘Ecce
756 1951 808 2015 hic
831 1960 877 2014 est
901 1949 1059 2031 Christus,
1082 1961 1142 2016 aat
1163 1951 1254 2033 illic',
1276 1953 1366 2018 aohito

250 2037 390 2104 credere.
422 2035 569 2122 Sarpeat
578 2035 824 2119 pseudochristi
838 2044 867 2099 et
878 2035 1187 2119 pseudoprophetae
1202 2046 1232 2100 et
1248 2036 1366 2104 dabant

250 2123 350 2206 sipha
379 2144 505 2207 mappa
533 2130 561 2185 et
585 2120 758 2206 prodipia,
788 2121 838 2182 ita
866 2129 902 2182 at
930 2121 965 2184 ia
991 2141 1132 2184 errorem
1155 2121 1364 2202 iadaeaatar,

87 2207 278 2282 namsia
303 2205 380 2286 fleri
408 2213 524 2288 potest,
557 2206 654 2268 etiam
683 2204 782 2269 electi.
824 2204 917 2283 Ecce,
944 2204 978 2267 in
1003 2203 1060 2284 uit,
1084 2204 1249 2290 praedixi
1274 2207 1365 2285 sota,

249 2290 307 2353 aed
329 2312 388 2352 voe
411 2290 546 2365 homiui,
576 2289 630 2367 ait,
654 2310 719 2371 per
741 2309 831 2373 pacm
859 2224 1056 2352 scandileon
1078 2291 1178 2354 uertit.
1223 2287 1365 2354 Graviter

250 2371 381 2457 quidem
409 2371 673 2453 scandalizamur,
702 2370 790 2456 quod
817 2372 936 2435 sanctis
966 2392 1094 2457 quoque
1123 2373 1284 2457 patribus,
1317 2372 1365 2460 qni

249 2455 335 2541 apud
350 2476 409 2519 nos
420 2457 530 2519 vivere
541 2454 661 2519 debent
675 2455 708 2519 in
724 2457 791 2519 suis
808 2455 1101 2535 constitutionibus,
1117 2456 1199 2521 haec
1214 2457 1365 2522 calumnia

249 2539 435 2623 imponitur,
457 2548 494 2603 ut
513 2561 572 2624 per
586 2560 698 2604 eorum
714 2538 903 2622 doctrinam,
927 2561 991 2625 qua
1013 2539 1155 2626 loquitur
1169 2540 1268 2607 nobis
1284 2541 1365 2608 Chri·

249 2633 327 2704 stus,
360 2623 416 2708 qui
445 2633 494 2688 est
519 2644 585 2709 pax
613 2633 732 2705 nostra,
761 2624 990 2689 confirmentur
1016 2646 1102 2688 nuno
1131 2627 1275 2710 partium
1304 2626 1364 2691 sive

248 2705 405 2772 bellorum
428 2705 543 2772 studia.
587 2707 683 2773 Unde
704 2716 813 2773 noster
835 2708 1047 2791 adversarius,
1075 2709 1164 2795 apud
1187 2732 1287 2796 quem
1308 2732 1365 2775 non

249 2801 297 2855 est
318 2790 438 2855 veritas
460 2813 521 2856 nee
543 2814 610 2878 pax
630 2814 734 2878 neque
756 2793 888 2873 iustitia,
919 2793 1031 2858 scribit
1056 2801 1131 2879 post
1160 2793 1364 2881 multiplicem

249 2876 503 2940 testimoniorum
520 2878 714 2960 congeriem,
738 2876 855 2963 quibus
871 2877 1044 2958 contendit,
1067 2875 1146 2940 nihil
1161 2877 1272 2944 valere
1286 2879 1364 2964 apud

248 2980 307 3023 nos
324 2958 443 3024 Christi
464 2959 620 3026 ecclesiae
643 2971 851 3043 sacramenta,
875 2973 906 3025 et
928 2961 1014 3047 quod
1036 2963 1186 3047 suspensi
1209 2963 1309 3028 simus
1327 2963 1363 3028 ab

249 3042 467 3110 ecclesiastica
504 3047 732 3111 communione
769 3045 945 3110 secundum
982 3067 1140 3110 canonum
1179 3056 1362 3134 praecepta:

248 3127 440 3212 Sufficiant,
462 3131 577 3216 inquit,
601 3131 679 3196 haec
690 3154 807 3216 pauca
829 3132 966 3196 caritati
982 3140 1119 3213 vestrae,
1142 3133 1203 3216 qai
1218 3132 1363 3198 catholici

248 3213 347 3278 valtis
378 3237 452 3296 esse,
480 3216 639 3301 qaotihas
666 3215 727 3278 has
757 3223 944 3279 coactorum
961 3223 1099 3299 patrum
1127 3217 1361 3280 sententiosis

241 3309 401 3383 prompta
423 3299 582 3378 habeatis,
606 3298 723 3383 quibas
745 3309 774 3360 et
795 3321 852 3363 oos
875 3298 1046 3383 defendere
1073 3309 1102 3362 et
1122 3301 1293 3365 veritatem
1318 3301 1361 3364 ia·

242 3393 436 3467 papaoates
465 3381 611 3467 refellere
637 3382 784 3446 valeatis.
828 3381 872 3448 Et
901 3392 975 3467 post
1002 3380 1082 3446 baec
1110 3383 1145 3446 in
1174 3383 1240 3450 fine
1268 3385 1361 3469 ipsius

247 3465 403 3564 epistolae
433 3487 474 3528 ex
496 3465 635 3563 propriis
657 3465 763 3530 verbis
792 3465 1009 3531 condemnans
1033 3489 1067 3531 se
1089 3486 1165 3531 suos
1190 3491 1243 3549 ue,
1268 3478 1360 3534 ostan-

247 3549 304 3631 d1t,
334 3548 413 3613 nihil
442 3550 523 3634 ipsis
553 3569 627 3612 cum
656 3548 814 3614 catholica
841 3549 902 3615 bac
928 3550 1100 3615 universali
1121 3487 1264 3618 eedesia
1286 3573 1359 3617 com·

247 3655 343 3697 mune
373 3656 453 3712 esse,
483 3642 514 3697 et
542 3632 614 3696 ideo
644 3633 819 3698 catholicos
847 3656 912 3697 non
942 3658 1022 3715 esse,
1050 3657 1125 3698 cum
1151 3637 1360 3722 suscepissent

247 3725 371 3801 partem
405 3718 454 3780 sui
488 3717 640 3802 Gregorii
672 3717 851 3788 defendere.
894 3719 976 3799 Noa,
1009 3721 1124 3804 inquit,
1158 3723 1218 3806 qai
1246 3724 1359 3786 iactam

87 3800 375 3900 ⁰¹·13T4l¹⁰⁸⁸·partem
398 3799 554 3886 Greporii
574 3805 642 3867 iam
666 3827 687 3866 a
708 3803 779 3868 Deo
803 3806 966 3887 aasrcmpti
987 3803 1205 3888 defendimus,
1222 3828 1289 3890 per
1310 3806 1359 3870 hoo

148 3888 154 3911 ’
185 3886 192 3900 ’
247 3907 314 3948 hoa
343 3885 476 3964 homini,
510 3887 566 3951 sed
593 3887 655 3952 soli
682 3887 754 3952 Deo
781 3886 917 3971 placere
939 3887 1173 3952 coateadiraaa.
1219 3891 1359 3955 ‘Fructus

244 3989 323 4033 vero
355 3969 495 4034 iustitiae
527 3971 573 4055 in
593 3991 672 4056 pace
700 3971 877 4036 seminatur
903 3969 1097 4036 facientibus
1124 3976 1261 4056 pacem'‚
1286 3975 1360 4039 sicut

113 4075 161 4118 nc.
170 4075 234 4129 am.
243 4051 383 4117 Iacobus
398 4053 562 4139 apostolus
584 4064 736 4137 testatur;
760 4053 816 4119 sed
832 4055 908 4120 dum
923 4054 1055 4120 heretici
1070 4055 1179 4119 Deum
1195 4057 1359 4123 defendere

244 4137 398 4219 nitrmtur,
414 4137 592 4221 offendunt3
608 4149 727 4226 quanto
743 4140 847 4224 magis
863 4141 919 4226 qui
937 4149 1060 4226 partem
1074 4138 1213 4207 alicuius
1229 4141 1358 4207 hominis

246 4320 274 4383 1)
295 4319 335 4372 cf.
357 4335 379 4371 c.
396 4320 427 4369 11
445 4336 485 4372 ex.
562 4317 591 4386 2)
612 4321 737 4387 Gregorii
756 4323 846 4388 Opera
866 4323 888 4384 Ι,
910 4340 936 4388 p.
954 4322 1016 4372 611.
