2812 4830
524 375 741 427 PRAEFATIO.
1154 378 1196 428 XI

78 548 157 612 clius
189 545 454 626 Hersoelelensis‚
483 547 540 629 qui
566 544 685 608 librum
713 545 753 608 ele
782 546 908 608 unitate
941 545 1093 610 ecclesiae
1121 570 1195 611 con·

75 631 241 694 seruanda
263 631 442 713 scripserit,
462 638 589 712 postea,
612 628 669 691 secl
688 631 886 714 priusquam
899 627 1002 709 finem
1030 631 1196 695 scribendi

73 714 209 796 faceret,
232 716 406 800 episeopus
420 712 685 797 Numburpensis
698 711 817 795 faetus
836 714 878 776 sit
893 736 1002 778 necne.
1030 715 1197 779 Nonnulli

74 821 184 864 eorum
228 801 265 862 ui
287 799 373 861 bane
395 818 531 860 causam
552 804 777 860 tractaverunt
804 798 1002 878 enistimant,
1029 799 1067 863 de
1090 801 1194 883 scrip·

75 892 142 947 tore
176 822 255 946 uiri·
281 882 386 946 nostri
412 878 499 942 nibil
536 877 680 964 amplius
718 880 788 944 dici
807 903 907 964 posse
946 903 1045 965 quum
1080 905 1192 946 mona-

75 968 170 1030 chum
199 989 270 1030 eum
284 964 396 1050 fuisse
419 962 693 1027 Hersoelelensem.
734 963 822 1028 Velut
837 965 1080 1049 Helmselbrfer¹
1104 968 1194 1048 elicit,

75 1050 162 1115 nibil
188 1049 283 1113 aliud
306 1049 344 1111 ele
367 1048 525 1130 scriptore
552 1056 663 1111 nostro
689 1049 758 1112 elici
774 1070 883 1132 posse,
906 1051 974 1112 nisi
996 1073 1066 1113 eum
1088 1053 1193 1135 scrip·

76 1136 157 1199 sisse
181 1155 269 1196 anno
294 1131 387 1196 1093.
415 1139 443 1195 et
471 1133 641 1215 scripsisse
669 1132 705 1194 in
735 1135 931 1196 monasterio
955 1133 1195 1216 Hersoeldensi,

97 1219 165 1281 uool
186 1217 309 1281 eluceat
330 1236 370 1279 en
393 1215 556 1298 capitibus
583 1216 628 1295 II,
651 1215 702 1278 28.
726 1215 861 1280 31-33.
898 1216 988 1280 Idem
1000 1216 1078 1302 fere
1100 1220 1196 1282 sentit

76 1241 205 1386 lierper
227 1302 264 1364 in
280 1301 504 1383 disputatione
520 1310 613 1378 sua2,
636 1299 786 1384 quivult,
810 1299 896 1364 nibil
913 1301 951 1362 ele
969 1302 1098 1365 nomine
1114 1325 1193 1366 ouc-

75 1387 157 1449 toris
185 1385 252 1448 dici
276 1405 389 1468 posse,
417 1383 485 1446 nisi
514 1407 585 1447 eum
611 1383 807 1448 monocbnm
836 1384 1050 1449 Hersoelelioe
1069 1386 1193 1469 fnisse.

74 1469 127 1531 De
149 1469 265 1555 quibus
286 1467 381 1531 rebus
404 1467 485 1551 quid
506 1489 564 1552 epo
585 1471 733 1548 sentiam,
755 1490 845 1531 nccnc
861 1468 998 1532 breviter
1012 1469 1193 1554 explicabo,

74 1553 147 1617 Hoc
168 1555 254 1616 inter
277 1573 384 1616 omnes
407 1560 543 1632 constat,
566 1553 756 1636 scriptorem
777 1550 855 1615 libri
876 1555 982 1616 nostri
999 1555 1195 1618 monachum

75 1635 341 1700 Hersoeldensem
363 1634 485 1717 fuisse.
537 1635 628 1699 Nam
661 1659 677 1700 e
710 1636 876 1718 capitibus
911 1637 956 1701 16.
985 1636 1035 1701 28.
1064 1639 1114 1704 31.
1142 1637 1193 1702 32.

76 1720 156 1784 libri
177 1721 222 1784 ΙΙ.
251 1719 395 1784 dilucide
426 1724 577 1803 apparet,
600 1742 671 1783 eum
693 1741 799 1782 raense
820 1722 968 1805 Aupusto
993 1723 1078 1785 anni
1102 1723 1194 1804 1086,

97 1804 204 1868 uando
232 1809 445 1889 porrexerunt
473 1804 509 1865 in
531 1800 715 1867 orientalem
738 1803 910 1867 Franciam
936 1803 979 1867 ad
1001 1805 1193 1890 patrandum

73 1824 153 1951 illud
186 1889 272 1950 circa
300 1886 488 1969 Wirziburg
529 1907 664 1969 magnae
701 1886 871 1950 occisionis
910 1885 1015 1950 scelus
1049 1889 1112 1971 (II,
1134 1890 1193 1968 31)
1249 1943 1252 1947 ,

74 1971 288 2036 Hersoeldiae
301 1970 421 2053 fuisse.
469 1969 580 2032 Etiam
602 1978 736 2033 eueunte
759 1992 847 2034 nnnc
865 1969 957 2050 1087,
980 1995 1052 2035 cum
1071 1972 1194 2057 prer-

73 2066 127 2119 tus
150 2077 182 2118 se
205 2053 385 2138 supplicem
407 2054 601 2136 imperatori
621 2055 748 2117 dedidit
769 2068 796 2117 et
809 2055 911 2136 fiolem
922 2055 1078 2136 promisit
1100 2078 1120 2117 a
1147 2056 1195 2120 no

73 2138 311 2216 Hersoeleliam,
335 2139 465 2201 uidetur
486 2137 625 2220 scriptor
646 2137 724 2201 libri
745 2139 851 2201 nostri
870 2137 918 2201 ibi
934 2136 1058 2220 fuisse.
1100 2079 1192 2203 mlum

74 2232 182 2287 autem
214 2223 311 2285 etiam
332 2230 464 2306 postero
499 2230 638 2304 tempore
666 2221 879 2286 Hersoeldiae
903 2220 1024 2306 fuerit,
1059 2223 1194 2288 dubium

73 2315 120 2370 est
126 2329 139 2388 ;
159 2305 272 2390 fuisse
292 2305 341 2369 ibi
362 2326 444 2384 eum,
467 2314 548 2368 certe
570 2326 636 2368 non
657 2327 698 2368 en
718 2303 786 2370 illis
806 2305 886 2370 locis
910 2328 990 2391 quos
1011 2329 1193 2371 commemo-

72 2392 150 2454 raui
175 2390 287 2475 collipi
308 2397 422 2473 potest.
465 2388 553 2451 Nam
584 2389 672 2473 quod
694 2389 938 2473 Helmsdiirfer⁸
969 2391 1059 2470 elicit,
1086 2391 1192 2455 uerbis

73 2483 186 2538 sancta
214 2483 323 2537 nostra
351 2482 380 2536 et
406 2471 448 2535 ad
474 2472 585 2536 vivum
605 2494 672 2539 'nos
699 2473 803 2557 tetigit
829 2479 874 2556 (c.
896 2474 946 2538 28.
974 2475 1028 2538 lib.
1051 2476 1104 2555 II)
1133 2499 1192 2540 nos

72 2557 239 2643 impeoliri,
262 2559 436 2641 quominus
464 2556 677 2621 Waltramnm
698 2559 885 2641 episcopum
910 2558 1193 2644 Numburpensem

72 2641 111 2706 iel
125 2643 296 2726 scripsisse
311 2649 503 2721 statuamus,
519 2642 578 2704 riu
593 2663 717 2705 necesse
732 2651 786 2722 est,
802 2641 890 2727 puool
904 2643 1072 2726 effetetur.
1103 2644 1193 2707 Nom

74 2729 104 2790 si
127 2727 198 2790 eliso
222 2725 380 2805 derebus,
403 2724 521 2807 quibus
544 2747 708 2789 unacum
731 2725 808 2789 aliis
833 2726 1017 2789 bominibus
1040 2727 1192 2811 interfui,

74 2819 103 2874 et
124 2831 208 2893 quae
230 2810 312 2873 mibi
332 2807 429 2872 simul
450 2831 523 2873 cum
545 2808 623 2871 aliis
646 2810 845 2890 ceciderunt,
868 2811 918 2872 uti
927 2831 1064 2892 possum
1086 2810 1193 2874 verbis

75 2895 156 2958 ‘nos’
183 2903 212 2956 et
239 2895 377 2973 ‘noster’‚
406 2915 503 2977 quam
526 2915 603 2955 uam
625 2891 813 2977 lonpissime
836 2894 948 2957 absum
972 2894 1011 2957 ub
1034 2893 1091 2958 illo
1113 2895 1193 2976 loco,
1263 2894 1265 2898 ⁸

74 2999 139 3062 qno
162 2979 240 3041 leaeo
252 2977 354 3060 facto
369 2984 454 3044 sunt.
489 2915 697 3060 Qquamquom
718 2978 824 3059 ipitur
845 2976 931 3039 nibil
951 2978 1116 3058 babemus,
1134 3001 1194 3042 cur

69 3070 235 3148 putemus,
258 3063 449 3146 scriptorem
479 3059 653 3144 apolopiae
682 3068 812 3122 nostrae
843 3061 1008 3142 pronimis
1041 3063 1152 3125 eleince
1178 3085 1194 3125 s

75 3147 178 3209 unitis
213 3167 278 3208 non
305 3143 518 3208 Hersoeldiae
551 3143 723 3224 mansisse,
752 3151 860 3206 tomen
890 3165 978 3225 asino
1009 3145 1100 3208 1091.
1131 3086 1192 3209 ali·

78 3229 161 3315 quid
189 3229 410 3328 occidit‚‘puo
440 3229 614 3291 certissime
642 3249 712 3290 eum
742 3226 919 3290 addiectum
948 3248 1023 3307 esse,
1052 3227 1194 3292 utillud

77 3313 266 3377 coenobium
290 3312 496 3397 relinqueret,
523 3311 616 3374 nobis
642 3311 834 3397 putonolum
867 3313 927 3375 sit:
959 3311 1080 3376 scilicet
1105 3311 1195 3396 quod

74 3396 268 3461 Fbielericus
307 3396 496 3460 Gosecensis
534 3395 633 3458 abbas
668 3395 874 3458 introductus
904 3404 959 3458 est.
1006 3393 1084 3460 Cum
1115 3393 1193 3462 Kal.

75 3479 188 3566 April.
219 3482 302 3544 onai
325 3479 416 3544 1089.
452 3477 640 3542 Guntberus
666 3481 839 3563 episcopus
871 3478 1015 3545 Uicensis
1046 3489 1194 3545 mortuus

74 3573 166 3644 esset,
197 3565 389 3628 Fridericus
422 3563 521 3627 obbas
556 3561 746 3627 Gosecensis
782 3560 896 3626 electus
929 3573 974 3626 est
1009 3565 1193 3648 episcopus.

79 3646 204 3722 Quint
226 3650 455 3712 investituram
476 3647 680 3730 imperialem
702 3655 935 3731 assequeretur,
963 3648 1127 3712 contendit
1148 3649 1196 3712 acl

78 3732 262 3795 Hearieum
284 3733 343 3813 IV,
372 3733 430 3816 qui
456 3740 533 3795 tuno
562 3732 716 3816 temporis
745 3732 887 3796 Veronae
916 3741 995 3794 erot.
1043 3729 1109 3804 Qui
1138 3732 1196 3797 ubi

75 3817 370 3880 causam-itineris
395 3817 467 3879 eius
495 3816 634 3895 audivit,
662 3837 758 3901 aepre
785 3813 870 3896 tulit,
893 3816 981 3900 quod
1001 3816 1195 3880 Fridericus

75 3902 147 3964 sine
174 3901 393 3983 permissione
426 3923 465 3962 ac
497 3921 657 3964 consensu
690 3922 749 3962 suo
782 3897 898 3963 electus
930 3909 1020 3979 esset,
1051 3909 1080 3963 et
1108 3900 1196 3965 dinis

78 3983 279 4065 Oicensibus‚
309 4005 508 4070 quamquam
538 4005 602 4067 pro
632 3985 693 4046 boc
719 3985 894 4048 temeritate
921 3985 965 4047 iis
988 4004 1101 4067 poena
1131 3983 1193 4047 sol·

75 4069 184 4133 venda
212 4076 301 4149 esset,
329 4091 396 4153 quo
424 4070 500 4131 ausi
527 4076 632 4131 essent
657 4077 771 4131 contra
801 4067 928 4131 decreta
957 4076 1196 4131 antecessorum

76 4174 211 4218 suorum
234 4150 352 4237 elipere
369 4154 568 4238 episcopum,
590 4162 708 4231 tamen,
730 4174 770 4215 ne
786 4160 945 4236 potestate
964 4153 1076 4234 potius
1098 4173 1196 4236 quam

77 4283 105 4347 1)
126 4280 263 4336 ‘wilhelm
283 4303 309 4338 v.
329 4284 481 4345 Hirschsu',
508 4283 587 4348 1874,
612 4302 637 4351 p.
659 4286 701 4335 27.
796 4282 826 4349 2)
846 4283 907 4334 ‘Zur
924 4282 1014 4333 Kritik
1034 4281 1082 4331 dor
1101 4282 1196 4334 Strcit-

75 4357 172 4409 schrift
191 4357 224 4409 ds
240 4361 344 4411 unitate
359 4359 492 4410 ecclcsiae
507 4355 710 4420 conservandis,
729 4356 809 4422 1874,
825 4373 852 4423 p.
866 4356 892 4407 3.
905 4358 932 4407 4.
988 4354 1018 4421 3)
1035 4355 1054 4406 l.
1068 4370 1092 4405 c.
1108 4371 1135 4420 p.
1150 4352 1196 4404 27.
