2812 4830
252 363 302 413 DE
321 362 479 413 Uulunun
499 359 704 414 uccnnslnn
725 363 998 415 CONSERVANDA.
1153 365 1185 415 73

67 550 197 616 quoque
213 527 365 593 ecclesias
380 528 502 614 absque
517 528 669 613 pastorali
690 551 776 611 cura,
799 553 839 596 ne
861 553 904 595 ex
921 535 1089 597 occasione
1111 554 1188 597 suae

66 615 100 676 in
129 611 267 678 ecclesia
294 613 552 697 perseverantiae
576 614 785 698 contingeret,
809 638 842 680 se
863 615 973 681 videre
995 615 1046 681 vel
1070 616 1188 704 alloqui

67 700 296 783 imperatorem
326 695 536 778 Henrichum,
587 719 662 761 uem
689 699 753 762 iam
785 699 948 763 audissent
980 711 1136 785 perpetuo
1168 724 1189 764 a

68 803 126 845 suo
142 802 230 930 papa
243 779 457 846 Hildebranto
479 803 549 845 esse
566 719 766 864 damnatum,
789 784 882 869 quasi
905 794 971 849 tam
993 786 1188 849 sacrosancti

67 874 143 930 anat
168 865 282 929 ematis
302 864 468 928 vinculum
491 863 628 929 ecclesia
648 865 712 930 Dei
735 865 886 953 deinceps
913 889 977 931 non
999 879 1109 955 posset
1130 868 1189 933 sol·

67 973 154 1033 vere,
184 970 259 1013 cum
285 946 427 1034 quilibet,
457 949 553 1012 etiam
583 950 610 1012 si
638 950 721 1015 iuste
751 951 846 1016 fuerit
869 950 1038 1016 damnatus
1061 963 1093 1018 et
1113 956 1188 1018 resi-

67 1035 197 1119 piscens
233 1042 321 1098 ostes
333 1034 508 1098 correxerit
519 1055 659 1098 errorem
671 1055 775 1116 suum,
788 1046 1019 1134 consequenter
1027 1037 1189 1122 possitsb-

69 1115 161 1199 solvi,
177 1055 273 1182 talem
288 1117 390 1182 aDeo
405 1128 572 1202 acceptam
586 1125 777 1202 potestatem
791 1117 926 1184 ecclesia
940 1120 1086 1185 habente.
1110 1123 1187 1185 Est¹

70 1203 202 1286 quidem
219 1210 392 1286 peccatum
415 1203 459 1266 cd
474 1211 615 1282 mortem,
638 1204 794 1267 condico
817 1213 978 1268 uteretur
995 1228 1060 1289 pro
1077 1229 1122 1286 eo,
1144 1206 1190 1270 ait
1199 1208 1228 1249 ⁰f·
1238 1207 1318 1250 ¹·10l·

69 1287 231 1352 Iohannes
243 1284 415 1370 apostolus,
427 1294 455 1348 et
467 1295 512 1349 est
522 1296 691 1369 peccatum
702 1310 770 1350 nou
783 1289 828 1351 od
839 1299 980 1369 mortem,
994 1290 1065 1354 dico
1077 1300 1111 1354 ut
1123 1313 1189 1354 ore·
1223 1268 1244 1319 ⁵³
1255 1267 1290 1308 ω’

69 1382 125 1435 tur
132 1393 199 1456 pro
211 1393 256 1435 eo.
289 1369 349 1432 Est
358 1377 528 1455 peccatum
542 1369 583 1433 ad
594 1378 730 1434 mortem
743 1372 776 1434 in
788 1370 899 1436 eodem
911 1382 1045 1458 peccato
1060 1396 1190 1438 manen·

69 1457 167 1537 tibus,
186 1461 404 1600 estpleccatum
418 1475 483 1517 non
498 1451 540 1516 ad
554 1464 690 1519 mortem
705 1455 748 1520 ab
763 1457 876 1520 eodem
891 1467 1026 1542 peccato
1041 1457 1189 1522 receden-

69 1540 166 1607 tibus.
194 1536 236 1602 Se
274 1545 443 1602 attestante
459 1536 609 1601 (ἷθῙειθὶο2
624 1559 725 1624 papa:
746 1555 858 1607 Nullum
871 1563 908 1608 est
918 1564 1064 1622 peccatum,
1072 1574 1125 1623 pro
1140 1574 1190 1622 quo

70 1636 117 1681 aut
135 1646 190 1680 mort
206 1635 261 1679 oret
276 1627 384 1679 ecclesia
399 1628 589 1689 remittendum,
608 1636 655 1678 cut
672 1628 751 1694 quod,
770 1629 837 1679 dota
849 1630 900 1681 sibi
915 1630 1043 1681 diuinitus
1051 1637 1189 1696 potestate,

69 1701 256 1755 desistentibus
282 1701 315 1750 ab
340 1701 429 1752 eodem
452 1717 506 1751 nou
526 1701 612 1766 possit
636 1701 770 1753 absoluere
788 1702 830 1754 uel
843 1703 1038 1769 poenitentibus
1057 1704 1280 1778 relocarefflmh·

69 1776 113 1828 cui
145 1774 259 1827 dicitur:
284 1773 472 1839 ‘Quaecunque
504 1772 656 1825 dimiseritis
687 1790 766 1841 super
794 1781 899 1840 terrum
923 1776 1035 1826 dimissa
1063 1784 1141 1828 eruut
1167 1786 1189 1828 et
1201 1799 1235 1848 18,
1245 1797 1280 1838 ιε,

67 1849 98 1901 irs
126 1850 216 1910 caelis,
246 1855 270 1898 et
301 1863 472 1912 quaecuuque
498 1848 627 1898 solveritis
652 1865 732 1913 super
756 1854 862 1909 terram,
891 1851 979 1901 soluta
1007 1858 1084 1900 eruut
1110 1857 1134 1900 et
1161 1849 1190 1900 iu

69 1928 166 1982 caeta’.
206 1914 310 1998 Igitur
331 1913 374 1977 ad
402 1914 593 1980 remittenda
620 1924 754 2001 peccata
780 1917 898 2001 accipit
927 1915 1062 1980 ecclesia
1092 1915 1191 2001 Spiri-

69 2007 139 2062 tum
167 2008 323 2079 sanctum,
352 2019 415 2083 quo
446 1999 519 2084 ipsa
541 2009 757 2083 congregatur
777 2001 810 2062 in
835 2021 953 2082 unum3
984 2010 1080 2086 atque
1107 2001 1190 2083 ideo,

68 2082 153 2145 sieut
174 2083 220 2146 ait
240 2083 442 2167 Augustinus
450 2092 473 2165 ³,
494 2114 527 2148 ne
549 2095 583 2148 sit
607 2095 795 2149 irremissibilia
821 2099 929 2164 spiritus
955 2098 1125 2165 blasphemio,
1146 2117 1190 2151 cor

69 2170 243 2238 impoenitens
268 2180 403 2237 caueatur,
428 2190 475 2224 uec
502 2171 578 2221 aliter
599 2170 725 2236 prodesse
741 2172 907 2236 poenitentia
932 2173 1062 2234 credatur,
1088 2171 1143 2222 nisi
1160 2181 1189 2223 ut

70 2253 192 2305 terreatur
211 2245 330 2310 ecclesio,
349 2246 395 2296 ubi
408 2257 578 2312 pcccatorum
596 2242 715 2295 remissio
734 2245 816 2295 datur
834 2254 858 2296 et
886 2247 996 2297 societas
1026 2242 1135 2311 spiritus
1160 2245 1189 2297 iu

63 2327 144 2394 pacis
169 2328 276 2380 omculo
304 2328 461 2380 custoditur.
508 2311 552 2376 Et
580 2333 677 2396 supra
709 2311 795 2375 idem
824 2312 1043 2397 Augustinus⁴
1071 2313 1105 2375 in
1128 2334 1190 2378 ser-

68 2416 166 2459 mone
195 2394 235 2459 de
260 2393 461 2480 blasphemia
487 2393 625 2480 Spiritus
655 2397 771 2461 sancti:
806 2410 930 2478 Quisquis
954 2412 1046 2481 ὁρίων,
1075 2397 1188 2482 inquit,

68 2501 133 2536 reus
141 2484 230 2549 fucrit
247 2483 460 2550 impoenitentiae
481 2494 573 2536 contra
585 2485 715 2550 spiritum,
735 2487 764 2536 iu
783 2504 834 2552 quo
848 2486 938 2537 unitos
957 2495 980 2538 et
994 2486 1105 2538 societas
1124 2505 1189 2539 cons-

68 2558 204 2609 muniortis
227 2567 401 2626 conprepatur
425 2559 557 2620 ecciesiae,
582 2575 721 2623 nunquam
740 2560 780 2610 illi
798 2561 951 2623 remittetur,
980 2559 1045 2626 quia
1070 2560 1117 2612 hoc
1140 2560 1191 2613 sibi

69 2630 176 2693 clausit,
207 2632 253 2682 ubi
281 2632 421 2684 remittitur
446 2640 470 2683 et
492 2631 583 2684 merito
610 2631 782 2684 damnabitur
809 2650 867 2683 cum
896 2633 1001 2698 spiritu,
1031 2634 1077 2700 qui
1106 2635 1135 2684 irs
1163 2651 1190 2685 se

68 2705 148 2770 ipso³
174 2703 275 2756 divisus
301 2713 346 2767 est,
371 2705 473 2755 diuisus
497 2714 521 2757 et
545 2706 602 2771 ipsc
626 2713 716 2756 contra
741 2705 871 2772 Spiritum
896 2715 1025 2767 sanctum,
1051 2707 1097 2773 qui
1116 2707 1144 2757 iu
1163 2724 1190 2758 se

69 2776 151 2844 ipso⁸
171 2777 274 2829 diuisus
293 2796 347 2830 nou
367 2784 412 2830 est.

161 2845 209 2909 18.
251 2845 324 2910 Hac
353 2844 393 2909 de
417 2865 513 2910 causa
535 2853 567 2909 et
590 2843 739 2909 Clemens
760 2866 856 2931 papa,
879 2846 931 2909 cui
953 2868 1041 2910 more
1063 2857 1190 2946 aposto·

69 2927 134 2992 lico
162 2937 291 3014 praeter
317 2928 371 2993 illa
400 2951 482 3016 quae
512 2928 711 2994 extrinsecus
740 2941 815 2993 sunt
843 2930 995 2993 instantia
1016 2930 1191 2994 cottrdiana

70 3022 121 3077 est
141 3011 323 3077 sollicitudo
346 3015 489 3077 omnium
511 3011 729 3092 ecclesiarum,
757 3011 900 3077 decrevit
928 3014 1061 3077 desertis
1091 3012 1190 3079 eccle-

70 3098 128 3161 siis
151 3105 299 3195 pastores
329 3098 530 3178 constituere,
558 3098 586 3161 si
613 3097 677 3182 ipsi
698 3096 875 3160 desertores
897 3098 1041 3182 episcopi
1062 3097 1114 3163 vel
1135 3097 1189 3162 ad-

71 3181 187 3245 momti
216 3179 335 3246 nollent
360 3182 465 3246 redire
492 3182 534 3246 ad
556 3182 739 3246 societatem
769 3181 900 3246 unitatis
929 3179 1093 3246 ecclesiae.
1138 3182 1189 3247 De

72 3265 298 3330 seditiosorum
320 3287 447 3364 quoque
462 3267 688 3353 episcoporum
704 3286 801 3330 causa
822 3274 853 3329 et
874 3264 1077 3330 damnatione
1098 3286 1189 3350 prae·

71 3350 159 3435 cepit
187 3347 379 3414 Germamae
407 3351 567 3436 episcopis
596 3351 630 3413 in
657 3347 800 3434 generali
827 3348 971 3434 synodo⁵
999 3371 1104 3433 agere,
1134 3351 1190 3436 qui
1201 3373 1267 3415 ross.

70 3434 232 3520 ‘proprio'‚
255 3442 292 3498 ut
310 3433 354 3498 ait
367 3433 543 3521 apostolus,
567 3434 696 3498 ‘iudicio
718 3433 921 3498 condemnati
937 3435 1058 3517 essent',
1077 3443 1189 3520 utpote
1199 3461 1265 3502 nom.
1276 3461 1296 3512 a,
1306 3462 1327 3502 1.

71 3641 95 3696 a)
112 3644 188 3694 ipsum
206 3643 262 3693 Aac.

73 3825 101 3887 1)
131 3824 221 3873 Etiam
249 3822 378 3874 Iohannis
406 3822 490 3873 verba
516 3838 564 3874 suo
593 3838 666 3874 more
695 3827 788 3874 auctor
815 3824 936 3874 mutavit.
1030 3822 1058 3884 2)
1088 3822 1191 3874 Gelasii

71 3897 152 3964 epist.
179 3896 212 3946 da
238 3896 415 3947 anathematis
441 3895 561 3959 vinculo;
590 3897 679 3948 Mansi
701 3896 779 3961 VIII,
805 3913 831 3962 p.
852 3897 896 3947 90.
988 3896 1016 3958 3)
1047 3895 1191 3960 Augustini

72 3971 165 4037 Opera
184 3971 216 4031 V,
242 3987 267 4037 p.
288 3969 350 4020 403.
375 3969 439 4020 404.
522 3967 552 4034 4)
577 3969 682 4020 Ibidem
712 3984 738 4035 p.
759 3969 821 4021 401.
915 3965 944 4031 5)
968 3968 1046 4018 Haec
1072 3969 1190 4034 synodus

71 4044 166 4111 primis
186 4042 280 4095 diebus
299 4043 366 4093 Maii
385 4058 411 4092 a.
432 4040 511 4093 1085.
531 4043 697 4109 Mogontiaci
719 4048 782 4093 acta
801 4047 850 4093 est.
889 4040 970 4092 Cuius
991 4041 1100 4092 decreta
1119 4042 1190 4108 quod

71 4118 201 4185 proximis
215 4117 343 4183 deinceps
360 4117 436 4167 annis
455 4118 586 4167 nonsatis
603 4132 696 4167 severa
715 4117 858 4168 observata
871 4117 933 4178 sint,
953 4119 979 4166 et
995 4115 1067 4180 quod
1085 4130 1191 4180 poenae

72 4196 167 4243 contm
186 4189 354 4241 adversarios
368 4190 479 4239 Henrici
498 4191 657 4241 constitutae
676 4206 730 4241 non
748 4194 871 4256 sumptas
890 4190 944 4240 sint
964 4187 998 4238 de
1016 4187 1080 4248 illis,
1101 4187 1191 4238 multis

73 4263 143 4316 locis
162 4264 241 4316 huius
259 4263 322 4314 libri
341 4261 503 4315 Waltramus
524 4265 652 4330 quaritur.
