2812 4830
229 345 286 398 XII
688 343 902 395 PRAEFATIO.

229 516 344 601 pratia
366 514 416 577 uti
437 512 612 591 videretur,
634 533 667 575 se
689 509 868 574 electionem
891 511 1159 596 quidemfactam
1173 517 1352 600 ipnosoere,

230 598 287 664 sed
307 599 440 662 irritam
461 617 493 659 se
505 594 587 680 fore
609 617 745 659 censere.
783 594 939 675 Cicenses,
959 596 1017 659 boc
1032 619 1188 680 responso
1210 602 1351 684 impera-

230 683 311 747 toris
362 680 533 760 esturbati,
559 688 666 743 tomen
687 701 754 742 non
776 679 969 743 destiterunt
989 681 1128 765 incepto,
1150 683 1207 746 sed
1228 685 1307 748 inde
1331 709 1352 749 a

230 767 281 831 30.
304 705 388 829 nio.
416 787 518 850 usque
548 764 632 827 diem
661 772 729 825 nat.
755 760 877 827 Christi
902 786 966 846 pro
989 763 1082 829 eleeto
1097 764 1242 847 fideliter
1262 767 1352 832 labo-

230 848 353 914 rabant
357 870 370 930 ,·
394 857 490 934 atque
505 870 540 911 re
565 851 594 911 is
609 847 800 911 sententiam
813 848 1061 930 importunitate
1083 870 1147 912 sua
1161 859 1351 935 mutassent,

230 937 298 999 nisi
319 934 428 997 eodem
450 933 503 997 die
523 870 613 1016 sisto
635 931 736 1016 lopati
756 933 948 995 monasterii
968 932 1214 998 Hersueldensis
1241 938 1349 1001 uenis-

230 1027 300 1083 sent
314 1026 344 1082 et
357 1019 575 1096 nuntiassent,
591 1015 736 1078 abbatem
751 1015 951 1099 Hartnipnm
967 1015 1084 1081 obiisse
1098 1029 1119 1086 ¹.
1146 1018 1218 1082 Reno
1234 1021 1351 1104 ipitur,

229 1103 292 1166 boc
322 1102 454 1166 bonesta
481 1103 649 1164 occasione
672 1107 817 1181 occepta,
847 1097 996 1163 omnibus
1024 1101 1151 1164 uiribus
1175 1106 1351 1187 contendit,

230 1196 266 1250 ut
281 1185 424 1250 abbatem
439 1185 644 1250 Friderieum
652 1182 848 1269 praeficeret
861 1181 913 1247 ilbi
927 1188 1134 1248 monasterio.
1159 1185 1221 1250 Cui
1235 1188 1350 1252 uolun-

229 1272 291 1334 tati
312 1270 524 1355 imperatoris
546 1268 694 1353 denique,
717 1269 868 1352 quamvis
888 1268 1024 1347 inuitus,
1046 1269 1238 1334 Friderieus
1262 1273 1350 1336 obse·

230 1365 324 1418 cutus
359 1363 419 1434 est,
452 1363 481 1418 et
508 1357 539 1416 4.
561 1353 657 1415 TNon.
684 1351 777 1416 Febr.
807 1351 1019 1415 Hersneldiae
1053 1353 1093 1417 ab
1125 1353 1238 1418 abbate
1275 1355 1351 1420 Ful-

230 1438 325 1503 densi
356 1439 562 1501 introductus
584 1446 631 1500 est
640 1446 662 1499 ².
708 1436 898 1519 Repudiato
919 1436 1024 1521 ipitur
1051 1436 1231 1518 Friderico,
1251 1442 1352 1524 impe-

229 1531 324 1586 rator
352 1521 563 1586 Waltramum
586 1521 682 1605 clepit
702 1522 811 1604 episco
837 1542 902 1600 um,
931 1522 989 1603 qui
1010 1530 1219 1585 consecratus
1241 1532 1289 1586 est
1310 1525 1350 1589 ab

230 1607 395 1691 Hartoipo
429 1605 674 1689 arebiepiscopo
706 1543 986 1688 Mapdbburpensi
994 1612 1016 1668 ³.
1070 1604 1147 1670 Cum
1182 1606 1351 1673 Henricns

229 1693 409 1775 imperator
437 1689 467 1753 4.
493 1689 574 1752 [dus
597 1683 705 1771 April.
737 1688 822 1751 anni
852 1687 943 1752 1090.
973 1687 1117 1752 Veronae
1151 1700 1246 1770 esset,
1282 1715 1351 1771 nec,

230 1779 308 1859 quin
338 1772 424 1838 illud
448 1775 510 1837 iter
534 1773 727 1837 Fridericns
756 1771 915 1836 Veronam
940 1778 1125 1857 susceperit,
1147 1777 1184 1838 in
1214 1774 1351 1840 dubium

229 1861 344 1923 uocari
362 1859 478 1943 possit,
500 1858 652 1942 efficitur,
675 1866 711 1920 ut
725 1856 917 1920 Fridericns
940 1857 985 1920 ad
998 1857 1224 1941 pabernaeula
1240 1882 1350 1924 coeno-

229 1943 277 2007 bii
312 1942 559 2007 Hersueldensis
601 1943 771 2005 accesserit
811 1943 841 2004 4.
874 1940 963 2003 Non.
1001 1940 1094 2004 Febr.
1137 1944 1221 2006 anni
1258 1944 1349 2008 1091.

229 2026 332 2111 Atqui
360 2026 560 2106 Fridericus,
583 2048 705 2090 summo
728 2025 838 2089 studio
865 2047 1001 2088 causam
1024 2047 1139 2109 papae
1168 2025 1349 2110 amplexus,

228 2113 297 2176 eius
327 2111 562 2175 dominationis
595 2111 776 2173 acerrimus
806 2110 929 2173 vindere
955 2111 1085 2173 exstitit.
1128 2109 1197 2173 Nec
1229 2114 1350 2175 mirum

228 2204 284 2275 est,
318 2196 406 2294 puod
433 2196 615 2276 imperator
640 2193 755 2276 noluit,
785 2193 979 2276 episcopatu
1008 2193 1159 2257 eeclesiae
1181 2195 1348 2259 Numbur-

230 2301 342 2365 pensis
364 2301 435 2342 eum
447 2277 567 2362 funpi,
590 2280 684 2341 cuius
700 2277 883 2340 avunculus
903 2277 1143 2360 sociussuisset
1164 2277 1258 2342 illius
1275 2302 1346 2343 con-

228 2363 419 2441 iurationis,
449 2363 544 2425 cuin-s
572 2361 785 2424 Lambertus⁴
812 2362 1003 2424 mentionem
1021 2359 1125 2445 facit,
1149 2371 1178 2424 et
1199 2365 1258 2446 qui
1278 2366 1350 2446 ipse

230 2445 395 2510 abbatiam
407 2444 442 2509 S.
456 2444 592 2531 Georpii
606 2467 622 2508 e
636 2445 791 2508 manibus
801 2442 936 2525 liudolfi
950 2447 1038 2528 repis
1055 2448 1239 2530 accepisset.
1272 2446 1350 2521 Qui-

228 2530 288 2593 bus
315 2529 464 2593 omnibus
494 2529 711 2592 consideratis
733 2529 906 2613 quisquam
922 2528 1067 2613 putabit,
1092 2529 1282 2616 apolopiam
1311 2533 1350 2597 de

228 2615 355 2677 unitate
367 2613 519 2678 eeclesiae
530 2613 759 2677 conservanda
774 2614 812 2676 in
824 2613 931 2676 eodem
947 2613 1108 2693 coenobio,
1124 2616 1219 2678 cuius
1234 2615 1349 2700 puber·

229 2697 353 2761 nacula
383 2699 475 2761 bomo
506 2720 627 2761 causae
650 2696 806 2782 Greporii
835 2696 904 2760 Vll.
931 2719 1046 2781 papae
1067 2707 1130 2761 toto
1154 2701 1265 2762 animo
1289 2699 1348 2763 ad-

229 2783 336 2845 dictae
351 2790 479 2861 teneret,
502 2783 659 2866 scriptam
681 2791 709 2843 et
732 2779 790 2844 sub
808 2779 911 2845 oculis
926 2782 997 2844 eius
1013 2784 1112 2845 annis
1129 2782 1349 2847 1090-1093.

223 2864 405 2950 perfectam
433 2865 519 2929 esse?
565 2865 653 2930 Certe
679 2887 780 2929 nemo.
824 2865 915 2950 Ibrpo
943 2865 1076 3013 relipuit
1102 2868 1245 2950 scriptor
1271 2867 1350 2932 libri

229 2952 336 3014 nostri
366 2949 596 3014 Hersueldiam
633 2958 662 3014 et
694 2973 727 3014 se
755 2947 891 3012 contul't
922 2950 960 3013 in
994 2973 1015 3013 a
1028 2952 1096 3013 iam
1125 2960 1255 3014 terram.
1306 2953 1350 3014 Et

228 3035 267 3097 in
289 3033 475 3098 Samonium
497 3035 627 3120 quidem
653 3057 686 3098 se
707 3034 851 3098 contulit.
897 3033 987 3098 Nam
1004 3057 1076 3098 cum
1102 3037 1246 3119 scriptor
1271 3036 1350 3099 inde

230 3141 250 3181 a
278 3118 300 3182 l.
322 3119 368 3199 11,
396 3144 423 3184 c.
448 3121 496 3182 15.
524 3121 635 3183 minus
663 3120 699 3181 in
728 3117 919 3200 refutantis
946 3118 1052 3182 verbis
1080 3118 1350 3183 adversariorum

229 3225 328 3288 quam
356 3205 392 3266 in
428 3212 581 3267 accurate
608 3201 782 3265 tradendis
804 3210 833 3263 et
854 3203 1076 3288 depinpendis
1096 3203 1141 3265 iis
1161 3203 1258 3267 rebus
1280 3226 1350 3266 uer·

228 3296 327 3367 setur,
357 3310 439 3372 quae
468 3296 577 3372 postue
605 3294 682 3348 sunt
712 3284 752 3348 ab
775 3287 939 3370 episcopis
961 3287 1126 3371 Hartoipo
1149 3287 1208 3349 Ma
1233 3287 1349 3351 debur-

228 3374 323 3457 pensi
350 3380 380 3434 et
404 3370 582 3434 Burcardo
610 3368 883 3433 Halberstadensi
914 3380 944 3433 et
974 3371 1163 3434 marchione
1195 3310 1348 3456 Idpberto,

163 3471 167 3481 '
229 3457 288 3540 qui
309 3477 417 3518 omnes
438 3463 551 3536 partes
574 3452 731 3538 Greporii
760 3453 829 3518 VII.
852 3476 885 3517 se
907 3453 1078 3534 uebantnr,
1100 3463 1129 3518 et
1152 3479 1225 3518 cum
1246 3453 1349 3518 multa

229 3539 477 3603 accuratissime
493 3537 662 3618 describat,
686 3560 757 3602 eum
773 3537 865 3601 band
879 3477 975 3623 lbnpe
998 3536 1124 3622 afuisse
1144 3538 1183 3601 ab
1199 3562 1239 3602 ea
1250 3549 1350 3622 parte

230 3621 440 3700 Germaniae,
462 3623 499 3684 in
522 3644 588 3707 qna
610 3621 689 3685 baec
702 3622 804 3706 facta
825 3631 911 3702 sunt,
932 3623 1123 3768 gpinamur.

315 3702 408 3778 Qscae
434 3728 507 3769 cum
534 3707 584 3769 ito
610 3706 686 3787 sint,
712 3715 819 3769 tamen
840 3707 871 3769 si
892 3707 929 3769 in
955 3729 971 3768 e
992 3705 1202 3791 efficeremus,
1225 3707 1347 3790 episco-

222 3812 307 3875 pum
325 3787 540 3853 Waltramum
555 3789 836 3875 Numburpensem
859 3789 1047 3874 apolopiam
1069 3792 1251 3874 scripsisse,
1269 3812 1349 3874 pro-

218 3873 311 3959 fecto
333 3881 446 3938 temere
467 3874 505 3938 id
526 3872 759 3960 colliperemus.
797 3873 865 3938 Sed
887 3874 1047 3938 accedunt
1067 3873 1247 3940 nonnullae
1270 3897 1348 3938 cau-

229 3981 295 4039 sae,
324 3957 442 4042 quibus
470 3958 596 4022 adduci
617 3980 807 4042 possumus,
839 3966 876 4021 ut
911 3957 1125 4023 Waltramum
1159 3957 1350 4044 apolopiam

231 4082 259 4151 1)
278 4085 338 4136 Non
357 4083 497 4150 intellego,
517 4085 581 4152 quid
599 4086 683 4136 verba
701 4085 732 4135 P.
747 4083 853 4135 Enaldi
872 4083 984 4150 (Sybels
1003 4085 1038 4135 H.
1059 4087 1088 4135 Z.
1103 4085 1148 4136 34.
1167 4103 1193 4151 p.
1210 4083 1276 4149 415)
1297 4085 1350 4136 sibi

228 4156 322 4219 velint,
342 4160 388 4224 qui
407 4164 492 4226 putat,
511 4159 668 4226 scriptorem
688 4157 831 4224 apologias
856 4158 980 4209 abbatem
1002 4159 1229 4209 Hersveldensem
1256 4158 1348 4209 fuisse.

229 4231 259 4299 2)
274 4231 314 4282 Cf.
326 4232 424 4285 chron.
435 4232 532 4284 Gosec.
548 4233 596 4286 SS.
610 4233 643 4295 X,
654 4249 680 4297 p.
695 4231 756 4282 149.
807 4229 837 4295 3)
852 4231 936 4283 Gesta
949 4231 1087 4298 archiepp.
1097 4232 1200 4296 Magd,
1214 4231 1263 4283 SS.
1273 4231 1348 4292 XIV,

228 4321 255 4372 p.
270 4305 337 4369 405;
357 4305 426 4358 Paul
445 4306 549 4372 Lange,
570 4306 667 4358 Chron.
686 4305 832 4370 Numburg.
852 4322 878 4372 p.
892 4305 956 4356 346.
1030 4305 1059 4369 4)
1080 4305 1128 4357 SS.
1147 4306 1180 4368 V,
1200 4321 1228 4372 p.
1249 4305 1311 4356 196.
