2812 4830
224 370 241 418 8
414 369 465 419 Du
484 367 643 420 uuum
663 368 869 421 accessum
889 368 1167 422 consulemus.

222 536 265 600 ad
282 535 533 600 destructionem
548 534 766 599 ecclesiarum.
799 535 834 600 Si
849 538 934 601 enim
952 558 1111 622 ponamus
1125 538 1215 602 verbi
1231 544 1354 622 gratia,

224 621 389 686 credentes
422 619 549 686 Ohristo
581 618 795 704 potestatibus
827 621 947 686 saeculi
973 621 1134 685 subiectos
1166 644 1232 685 non
1266 647 1352 707 esse,

223 725 287 768 non
303 703 427 769 tradere
441 704 562 769 tributa
583 724 643 767 nec
657 703 828 788 vectigalia
841 707 1013 790 pensitare,
1034 705 1114 768 nulli
1128 727 1240 770 eorum
1255 710 1353 773 timo·

223 809 289 852 rem
320 787 371 852 vel
391 787 545 852 honorem
567 787 700 867 deferre,
730 808 836 851 nonne
857 812 916 873 per
937 788 998 853 hoc
1021 802 1180 853 rectorum
1203 801 1236 855 et
1258 794 1350 876 prin-

223 873 331 958 cipum
347 874 461 938 merito
475 875 510 936 in
524 880 626 935 semet
637 872 724 956 ipsos
738 894 829 936 arma
840 882 1063 938 converterent
1077 883 1109 937 et
1123 888 1350 957 persecutores

222 954 353 1105 {prdem
366 978 440 1020 suos
452 955 664 1036 excusabiles,
680 965 782 1021 semet
792 956 880 1041 ipsos
893 978 969 1022 vero
985 956 1163 1042 culpabiles
1177 957 1350 1028 facerent?

255 1061 296 1104 on
318 1042 403 1104 enim
425 1042 489 1105 iam
509 1039 595 1121 fidei,
616 1039 673 1104 sed
689 1042 911 1104 contumaciae
933 1062 1032 1106 causa
1053 1042 1238 1126 impugnari
1259 1045 1349 1110 vide·

221 1134 340 1206 rentur,
363 1135 395 1190 et
416 1136 501 1189 esset
521 1125 560 1188 iis
575 1145 673 1187 causa
694 1123 824 1209 quidem
841 1126 953 1189 mortis
968 1125 1077 1210 digna,
1099 1128 1249 1190 meritum
1265 1150 1348 1192 vero

220 1210 332 1273 mortis
354 1209 533 1294 indignum.
567 1208 640 1272 Hoc
655 1229 732 1292 ergo
770 1208 921 1273 rovidens
944 1209 1025 1272 dicit
1045 1209 1221 1295 apostolus,
1244 1213 1346 1277 immo

60 1308 279 1377 aornaaaaper
300 1293 480 1379 apostolum
503 1294 550 1356 sic
573 1291 699 1356 ordinat
722 1229 882 1357 Christus:
909 1294 1049 1358 Reddite
1079 1294 1228 1357 omuibus
1255 1297 1344 1360 debi-

220 1388 307 1442 tum:
343 1381 398 1441 cai
425 1379 588 1457 tributum,
615 1376 789 1458 tributum
822 1379 879 1441 cui
905 1377 1059 1463 veetiyal,
1092 1379 1253 1463 veetiyal;
1291 1383 1347 1444 cui

221 1463 375 1542 timorem,
394 1463 539 1525 timorem
545 1482 557 1539 ,·
579 1462 634 1524 eui
649 1460 814 1540 honorem,
830 1462 982 1527 honorem
991 1486 1003 1542 ,·
1026 1463 1150 1525 neaniai
1165 1465 1345 1546 quiequam

221 1545 374 1626 debeatis,
404 1548 469 1609 uisi
496 1553 532 1607 ut
558 1546 697 1608 invicem
727 1545 886 1629 dilipatis.
929 1545 973 1608 Et
998 1546 1067 1628 ipse
1095 1568 1153 1608 rex
1174 1567 1291 1629 regum
1314 1556 1345 1612 et

221 1628 370 1692 dominus
407 1629 639 1692 dominantium
676 1627 764 1691 lesus
794 1627 950 1708 Christus,
987 1628 1136 1712 dignatus
1164 1631 1345 1694 secundum

222 1713 327 1774 carnis
350 1712 621 1797 dispensationem
636 1711 774 1777 describi
790 1711 870 1775 civis
886 1712 1061 1795 Romanus,
1084 1711 1229 1796 regulam
1244 1737 1343 1800 quam

222 1797 387 1860 constituit
419 1819 515 1882 super
547 1795 607 1874 his,
641 1795 769 1860 dicens:
801 1797 941 1860 Reddite
974 1820 1059 1882 quae
1085 1807 1161 1861 suat
1194 1801 1344 1862 caesaris

221 1883 354 1944 caesari
378 1891 407 1945 et
434 1903 516 1966 qaae
538 1889 616 1944 suat
637 1881 703 1945 Dei
724 1881 815 1943 Deo:
844 1879 935 1959 hanc,
959 1881 1099 1966 inquam,
1123 1903 1200 1945 suae
1224 1884 1342 1947 consti·

221 1965 353 2028 tutionis
381 1964 524 2050 regulam
552 1965 685 2049 proprio
714 1964 915 2028 confirmavit
936 1963 1094 2049 exemplo.
1138 1965 1234 2027 Dixit
1256 1968 1341 2029 enim

221 2049 263 2112 ad
299 2049 430 2113 Petrum
437 2098 445 2130 ,
506 2057 654 2133 ostquam
691 2048 874 2113 ostenderat
910 2071 945 2111 se
980 2072 1000 2112 a
1035 2048 1155 2112 tributo
1191 2047 1341 2129 liberum,

219 2140 331 2216 utpote
356 2133 443 2215 regis
469 2072 587 2215 lilium,
610 2139 643 2195 et
670 2131 845 2196 secundum
868 2153 995 2196 carnem
1023 2142 1054 2196 et
1076 2132 1255 2196 secundum
1279 2135 1342 2219 spi-

68 2217 332 2280 bunuarium:
378 2217 418 2279 Ut
450 2225 569 2296 autem,
598 2216 718 2300 inquit,
747 2239 812 2279 aaa
845 2215 1104 2281 scandalizemus
1132 2239 1202 2297 eos,
1231 2216 1265 2280 id
1295 2227 1343 2282 est

218 2322 259 2364 ne
287 2322 347 2363 nos
381 2302 502 2363 caesari
535 2299 791 2363 contradicentes
822 2299 1036 2363 tumultuandi
1064 2301 1103 2363 iis
1136 2302 1342 2365 occasionem

218 2382 444 2469 praebeamus,
466 2384 549 2447 vade
572 2383 617 2445 ad
638 2404 728 2446 mare
750 2393 779 2446 et
798 2385 885 2447 mitte
906 2385 1048 2464 hamum,
1071 2394 1100 2447 et
1121 2407 1193 2447 eom
1218 2387 1342 2468 piscem

219 2469 279 2553 qui
296 2468 430 2551 primus
453 2468 637 2531 ascenderit
657 2465 731 2530 tolle
753 2476 782 2529 et
804 2476 914 2546 aperto
936 2491 990 2532 ore
1011 2470 1081 2532 eius
1100 2471 1251 2533 >iuvenies
1273 2479 1340 2534 sta-

220 2552 358 2630 therem,·
387 2550 480 2613 illum
501 2573 641 2629 sameas,
664 2550 710 2613 da
732 2551 776 2612 iis
795 2573 856 2631 pro
879 2573 927 2614 me
949 2562 978 2615 et
999 2560 1038 2616 te.
1082 2552 1174 2632 Quae
1197 2574 1272 2615 cum
1296 2555 1341 2617 ita

220 2634 284 2699 sint
310 2657 330 2698 a
360 2633 430 2698 Deo
464 2632 620 2718 disposita
649 2643 680 2696 et
708 2633 836 2718 seriptis
866 2643 898 2697 et
927 2634 1085 2720 exemplis
1119 2636 1340 2720 comprobata,

219 2740 325 2782 nonne
340 2718 404 2782 Dei
426 2717 619 2781 ordinationi
636 2718 767 2798 resistit,
791 2718 846 2803 qui
860 2719 1072 2802 potestatibus
1088 2719 1232 2783 resistit?
1254 2720 1342 2805 quali

93 2816 147 2860 (Μ,
158 2818 209 2870 1‚⁸·
219 2824 279 2867 nec
307 2801 545 2866 obaudiendum
578 2800 741 2888 apostolus
768 2803 936 2886 praecipit,
971 2805 1100 2867 etiamsi
1133 2803 1270 2888 capelas
1302 2807 1341 2870 de

220 2886 308 2950 caelo
321 2887 417 2950 aliter
428 2910 526 2971 qaam
538 2886 798 2972 euaapelizatam
812 2896 858 2950 est
862 2887 1123 2971 praedicaverit.
1134 2927 1170 2934 —
1184 2886 1339 2970 Quidam,

218 2969 355 3070 inquit1,
377 2971 550 3035 Romaaas
566 2969 723 3056 pontifex
743 2993 850 3057 repera
871 2971 1077 3035 Francorum
1098 2994 1165 3036 aaa
1187 2981 1252 3036 tam
1272 2996 1339 3057 pro

218 3077 289 3117 sais
309 3056 361 3119 iai
383 3055 550 3136 uitalibus,
573 3077 670 3139 quum
687 3077 753 3138 pro
776 3077 822 3133 eo,
853 3054 941 3139 quod
961 3064 1073 3119 tautae
1093 3058 1250 3139 potestati
1271 3080 1340 3122 aaa

217 3148 289 3203 erat
310 3141 410 3220 at'is,
434 3162 455 3203 a
477 3163 512 3202 re
537 3163 579 3203 ao
601 3140 762 3284 deposuit.
804 3138 960 3223 Superius
982 3139 1113 3224 quidem
1135 3139 1257 3203 dictum
1281 3151 1338 3223 est,

218 3233 250 3288 et
281 3244 356 3288 vere
388 3224 480 3287 iuxta
511 3164 607 3287 ddem
663 3222 845 3286 istoriarum
878 3222 1001 3286 dictum
1042 3233 1108 3306 est,
1145 3223 1339 3290 Zachariam

215 3328 334 3392 papam
363 3308 524 3371 communi
552 3305 736 3389 principum
762 3302 802 3369 de
831 3327 930 3390 regno
959 3307 1158 3371 Francorum
1183 3306 1340 3393 legationi

216 3412 410 3456 consensum
431 3390 629 3475 praebuisse,
652 3389 707 3473 qui
728 3387 946 3471 decreverant,
968 3412 1028 3475 pro
1048 3390 1225 3471 Hilderico,
1249 3414 1269 3454 a
1294 3395 1339 3458 ud

216 3497 312 3560 quem
340 3473 429 3538 nulla
449 3471 501 3535 vel
523 3474 612 3556 regia
634 3480 775 3556 potestas
795 3472 847 3537 vel
868 3475 957 3559 regia
978 3475 1129 3560 dignitas,
1153 3476 1209 3539 sed
1232 3415 1338 3542 solum

214 3559 341 3643 regium
362 3579 480 3621 nomen
502 3565 579 3637 erat,
602 3556 733 3640 dignam
755 3559 787 3619 in
810 3580 909 3643 regno
933 3580 1101 3643 personam
1130 3562 1338 3643 constituere,

215 3650 248 3706 et
262 3650 298 3705 ut
313 3643 416 3706 omnis
430 3639 548 3704 exhinc
571 3641 696 3705 occasio
719 3641 872 3705 tumultus
894 3640 1029 3725 abesset,
1051 3645 1246 3708 monasterio
1264 3669 1339 3711 eum

215 3727 400 3811 mancipare
410 3736 433 3806 ²,
461 3745 519 3809 pro
549 3746 586 3789 eo
616 3725 703 3811 quod
723 3725 894 3790 videbatur
919 3725 1017 3790 fuisse
1038 3727 1071 3790 di
1095 3728 1167 3791 nior
1189 3733 1340 3796 coronari

214 3816 347 3873 tonsura
374 3807 524 3873 monachi
551 3830 647 3895 quam
676 3810 766 3893 regio
795 3808 984 3874 diademate.
1029 3750 1094 3875 Sed
1123 3814 1224 3877 uostri
1258 3823 1338 3878 tem-

216 3892 305 3978 poris
326 3915 385 3958 rex
407 3901 439 3956 et
460 3894 642 3979 imperator,
664 3901 758 3957 natus
781 3903 812 3956 et
833 3895 970 3956 nutritus
991 3894 1024 3956 in
1045 3917 1156 3979 regns,
1179 3908 1337 3981 quantum

215 3985 339 4060 spectat
352 3975 394 4040 ad
408 3975 583 4041 humanum
598 3978 762 4057 iudicium,
779 3976 894 4059 dignus
911 3977 1041 4061 quidem
1056 3979 1184 4043 videtur
1198 3981 1335 4066 imperio

216 4080 289 4122 cum
311 4083 354 4125 ex
373 4082 432 4145 pro
456 4062 505 4125 ria
526 4063 642 4126 virtute
663 4071 731 4125 tum
754 4081 796 4123 ex
817 4060 975 4123 maiorum
1002 4083 1132 4125 suorum
1161 4066 1278 4130 merito
1305 4077 1337 4132 et

214 4142 379 4226 dignitate.
440 4146 563 4210 onferte
578 4166 673 4225 nunc,
697 4144 724 4206 si
739 4142 855 4228 placet,
877 4142 967 4207 illum
984 4144 1213 4210 exheredatum
1235 4152 1335 4215 totius

127 1787 210 1829 Κακὴ.

129 1847 163 1897 22,
174 1847 210 1887 21.

216 4324 245 4390 1)
265 4325 335 4377 Jaffs
355 4325 373 4378 l.
388 4342 410 4376 c.
430 4344 457 4392 p.
471 4326 534 4378 458.
582 4325 611 4392 2)
632 4327 672 4376 Of.
693 4327 762 4378 Anu.
776 4326 855 4376 Einh.
876 4342 902 4375 a.
918 4325 980 4377 750.
1001 4332 1027 4376 et
1046 4327 1115 4379 Ann.
1128 4328 1208 4379 Fuld.
1229 4347 1253 4381 a.
1271 4333 1335 4382 752.
