2812 4830
247 319 284 393 '10
443 341 492 391 ou
512 339 671 392 uurrnru
692 338 895 391 scotusmu
916 339 1192 391 eousnavnunn.

256 511 333 575 Vum
350 532 418 596 epo,
441 510 522 572 dicit
536 508 710 587 Dominus,
735 509 891 593 quoniam
909 508 1140 588 iuramentum,
1163 509 1255 592 qreaol
1280 531 1370 592 spre-

248 597 304 675 m't,
335 603 364 657 et
388 602 540 678 pactum,
571 594 657 676 quod
680 593 941 676 praevaricatus
970 601 1023 671 est,
1049 614 1174 675 pomam
1204 595 1243 657 iu
1272 603 1372 677 caput

249 681 350 742 eius1.

331 762 361 824 5.
407 759 559 844 Sequitur
586 759 619 821 in
649 759 834 844 supradicta
855 757 1054 822 Hildibranti
1081 779 1186 844 papae
1209 761 1371 846 scriptura

247 844 405 909 eiusmodi
430 843 658 923 testimonium,
688 843 775 928 quod
802 842 919 926 legitur
945 843 979 905 in
999 841 1081 906 libro
1103 842 1144 906 de
1166 844 1369 908 ordinatione

248 929 351 993 sancti
373 926 556 1008 Clementis,
584 926 714 992 beatum
737 928 869 991 Petrum
898 925 1038 991 dixisse²
1068 925 1173 1012 adpo
1197 927 1304 1010 ulum,
1326 940 1367 1003 ut,

247 1014 274 1077 si
300 1011 446 1097 pontifex
468 1012 631 1074 Romanus
660 1010 755 1075 alicui
782 1010 923 1075 offensus
944 1010 1041 1074 fuerit
1061 1032 1118 1096 pro
1142 949 1270 1077 delictis
1295 1014 1368 1095 suis,

246 1097 344 1161 ceteri
373 1117 437 1160 uon
466 1095 605 1159 debeant
632 1096 662 1160 ei
692 1117 763 1159 esse
789 1096 884 1158 amici
911 1093 964 1160 vel
986 1117 1059 1159 eum
1088 1093 1218 1181 alloqui,
1246 1096 1367 1183 alioqui

245 1203 345 1244 unum
361 1203 431 1245 esse
453 1202 495 1244 ex
509 1178 582 1260 illis,
605 1180 662 1265 qui
684 1181 897 1244 exterminare
915 1179 1027 1242 volunt
1048 1177 1217 1243 ecelesiam
1236 1180 1366 1262 Christi,

266 1265 390 1350 uisquis
423 1264 546 1328 amicus
578 1263 676 1327 fuerit
707 1263 737 1328 ei
765 1264 821 1348 qui
849 1273 898 1327 est
926 1261 1119 1327 huiusmodi.
1170 1262 1269 1329 Certe
1306 1287 1365 1329 non

245 1286 328 1412 dixit
356 1347 418 1412 hoc
450 1348 563 1413 beatus
591 1349 705 1411 Petrus
735 1346 774 1412 de
805 1346 948 1433 quolibet
974 1370 1051 1433 rege
1083 1345 1133 1412 vel
1161 1349 1366 1433 imperatore,

246 1435 303 1496 sed
330 1455 388 1517 per
415 1430 495 1495 haec
521 1432 599 1495 facit
627 1429 803 1517 quemlibet
829 1431 869 1496 de
890 1430 986 1495 turba
1007 1431 1120 1517 populi
1142 1432 1239 1497 citius
1261 1435 1365 1499 redire

245 1516 287 1580 ad
309 1516 558 1580 satisfactionem
580 1516 805 1600 poenitentiae,
827 1515 955 1601 quando
976 1516 1094 1581 viderit
1120 1538 1155 1580 se
1176 1515 1365 1583 destitutum

246 1622 316 1664 esse
338 1600 515 1663 amicorum
537 1621 669 1662 suorum
691 1600 853 1681 societate,
876 1599 1035 1685 colloquio
1058 1609 1089 1664 et
1109 1621 1230 1665 amore.
1272 1603 1364 1681 Nam,

246 1693 282 1748 ut
305 1683 479 1770 quemlibet
502 1683 710 1747 christianum
732 1705 840 1769 regem
862 1684 1165 1769 praetermittamus,
1189 1707 1268 1751 ecce
1291 1686 1366 1773 quid

269 1790 305 1831 ro
332 1768 523 1853 impiissimo
553 1769 649 1832 etiam
677 1767 805 1832 Nerone
832 1769 943 1833 scribit
975 1769 1045 1853 ipse
1073 1778 1203 1832 sanctus
1233 1770 1363 1835 Petrus:

86 1791 352 1927 recasurlleum
379 1855 491 1932 timete,
520 1875 625 1938 repam
655 1853 878 1934 honorificate,
907 1850 1028 1916 scilicet
1055 1860 1090 1915 ut
1116 1854 1149 1916 iu
1177 1854 1241 1917 hoc
1271 1855 1364 1919 timor

247 1936 310 2001 Dei
340 1934 575 2020 comprobetur,
599 1937 626 2000 si
656 1935 790 2021 quilibet
810 1959 869 2000 rex
895 1935 1133 2001 honorificetur.
1180 1936 1362 2019 Carissimr,

231 2021 360 2106 ’inquit
373 2022 509 2084 subiecti
522 2030 616 2086 estote
632 2023 721 2085 omm'
738 2021 903 2085 humanae
918 2031 1086 2085 creaturae
1094 2031 1237 2105 propter
1247 2023 1363 2103 Deum,

245 2107 311 2169 siue
341 2107 423 2190 rupi,
453 2107 551 2190 quasi
572 2103 795 2188 praecellenti,
824 2107 890 2169 sine
912 2105 1059 2185 ducibus,
1081 2114 1242 2189 tauquam
1268 2107 1309 2171 ab
1331 2129 1363 2170 en

244 2191 353 2254 missis
381 2189 426 2252 ad
449 2189 635 2252 ‘uindictam
662 2187 919 2273 malefactorum,
947 2187 1077 2252 laudem
1098 2211 1171 2253 uero
1195 2190 1362 2268 bonorum,

246 2275 325 2357 quio
361 2274 406 2336 sie
443 2272 596 2335 voluutas
623 2273 688 2336 Dei
720 2283 774 2351 est,
810 2282 847 2335 ut
866 2271 1114 2356 ‘benefacientes
1152 2273 1363 2338 obmutescere

235 2357 382 2442 faciatis
403 2356 660 2441 imprudentium
682 2357 848 2421 homiuum
869 2358 883 2420 i
906 2360 1105 2436 morantium,
1136 2359 1236 2442 quasi
1262 2357 1362 2438 liberi,

246 2449 274 2503 et
291 2463 357 2504 unu
380 2443 477 2524 quasi
498 2441 642 2504 uelamen
658 2440 808 2503 babentes
831 2379 974 2504 malitiae
988 2441 1177 2520 libertatem,
1201 2443 1259 2506 sed
1283 2445 1363 2506 sicut

245 2525 332 2588 serui
359 2525 433 2589 Dei.
477 2524 592 2588 Omnes
623 2525 788 2601 honorate,
808 2523 1058 2609 frateruitatem
1086 2525 1223 2609 ditique,
1256 2526 1362 2590 Deum

244 2610 358 2688 timete,
381 2630 488 2693 repam
510 2608 731 2690 honorificate.
759 2607 804 2671 Et
821 2606 934 2671 beatus
957 2608 1085 2693 quidem
1101 2607 1269 2693 apostolus
1284 2610 1362 2674 Pau·

115 2691 203 2790 tiraq.
213 2692 234 2743 ²›
244 2691 309 2756 lus:
338 2692 485 2772 Obsecro,
509 2691 623 2776 inquit,
639 2693 750 2775 primo
768 2694 911 2756 ommium
925 2691 1007 2774 fleri
1022 2693 1267 2774 obsecrationes,
1291 2717 1361 2760 ora·
1390 2698 1392 2703 ’

155 2773 204 2792 ”
245 2779 363 2856 tiores,
373 2776 622 2859 postulationes,
644 2777 832 2860 pratiarum
855 2777 998 2840 actiones
1014 2799 1081 2860 pro
1098 2777 1245 2841 omuibus
1262 2779 1361 2843 bami-

245 2860 352 2938 ut‘bus,
377 2882 441 2942 pro
470 2860 602 2944 rupibus
631 2869 659 2922 et
682 2861 829 2924 omuibus
858 2861 915 2945 qui
942 2862 979 2924 iu
1002 2861 1193 2924 subtimitate
1217 2873 1306 2942 suut,
1329 2871 1362 2926 ut

245 2945 387 3028 quietam
415 2953 443 3006 et
468 2943 685 3029 tranquillam
712 2946 814 3008 m’tam
842 2966 981 3029 apamus
1009 2946 1045 3007 iu
1076 2946 1164 3009 omui
1183 2948 1308 3028 pietate
1337 2955 1363 3009 et

244 3029 392 3092 castitate
398 3051 410 3108 ,·
432 3028 490 3092 boe
512 3031 598 3093 euim
620 3028 738 3092 bouum
761 3038 789 3092 et
812 3050 885 3092 acce
911 3038 978 3091 tum
1000 3037 1047 3091 est
1068 3051 1177 3093 coram
1199 3028 1363 3095 salvatore

96 3113 446 3193 uom.1s,1.uostroDeo,
470 3115 528 3198 qui
543 3135 651 3177 omues
666 3114 811 3175 homiues
833 3050 909 3175 oratiiJ
923 3111 1031 3176 saluos
1045 3113 1127 3194 fieri
1147 3121 1176 3176 et
1198 3115 1245 3178 ad
1267 3136 1290 3176 a
1315 3116 1362 3178 m'·

244 3198 363 3261 tiouem
397 3199 543 3260 ueritatis
578 3200 698 3258 uenire.
741 3196 820 3259 Nou
849 3198 935 3260 em'm
959 3206 1103 3279 potestas
1132 3197 1200 3260 m'si
1230 3221 1254 3260 a
1275 3139 1362 3278 liam·

115 2014 135 2054 1.
143 2009 227 2050 Putat

121 2071 214 2112 18-17.

84 3300 234 3352 tracum.
265 3304 327 3344 uae
350 3289 456 3344 autem
478 3289 563 3359 suut,
587 3279 744 3342 ordinatu
766 3288 842 3342 suut
865 3303 886 3343 a
907 3281 988 3361 Dea,
1019 3280 1064 3344 ad
1091 3280 1275 3343 uindictam
1298 3284 1363 3366 qui·

244 3304 315 3428 dem
336 3362 506 3443 malorum,
529 3363 659 3425 laudem
680 3384 754 3426 uero
777 3364 943 3427 bonorum.
979 3363 1022 3428 Et
1045 3373 1149 3428 cetera
1171 3384 1255 3448 quae
1278 3365 1364 3429 dieta

243 3456 319 3511 suut
348 3467 456 3544 supra.
501 3445 565 3510 Sed
598 3444 660 3508 alia
689 3468 775 3510 nunc
803 3448 958 3531 inscripta
986 3459 1061 3511 sunt
1089 3446 1217 3511 decreta
1252 3459 1365 3514 contra

242 3552 362 3614 regem,
384 3550 483 3592 1mm0
503 3538 613 3594 contra
626 3529 690 3593 Dei
706 3530 946 3612 ordinationem,
968 3541 1013 3612 ut,
1037 3533 1064 3595 si
1086 3531 1232 3616 pontifex
1248 3531 1364 3598 Roma·

243 3636 304 3676 uus
326 3615 396 3697 regi
418 3613 558 3676 offensus
579 3612 675 3677 fuerit
697 3636 755 3700 pro
771 3613 895 3680 delictis
917 3616 993 3695 suis,
1017 3615 1115 3680 ceteri
1135 3637 1201 3679 non
1222 3615 1365 3682 debeant

245 3698 274 3761 ei
302 3719 370 3761 esse
400 3697 505 3778 amici,
531 3696 582 3761 vel
606 3720 680 3761 eum
702 3697 838 3783 alloqui3
868 3698 988 3785 alioqui
1010 3722 1110 3764 unum
1132 3721 1203 3764 esse
1226 3723 1271 3766 ex
1292 3701 1363 3782 illis,

245 3783 300 3866 qui
328 3781 540 3845 exterminare
569 3781 682 3846 volunt
708 3782 875 3847 eeclesiam
904 3782 1034 3865 Christi,
1065 3785 1210 3870 quisquis
1240 3786 1363 3850 amicus

246 3991 272 4054 1)
293 3989 334 4041 Gt.
352 4004 411 4040 cum
425 3996 480 4041 tcto
500 3992 551 4042 hoc
566 3994 654 4059 capite
668 3992 810 4059 epistulam
823 3992 957 4043 Theoderi
968 3992 1144 4044 virdunensis
1157 3993 1193 4043 ad
1208 3994 1291 4060 Greg.
1300 3995 1361 4046 VH.

152 4080 158 4093 ⁹
242 4063 375 4126 (Musteus
402 4068 429 4114 et
453 4065 574 4127 Duraud,
604 4066 756 4117 Thesaurus
782 4081 874 4128 novus,
899 4066 922 4126 I,
946 4084 972 4132 p.
993 4066 1150 4130 219-227)
1180 4071 1208 4117 et
1232 4070 1362 4134 scriptum

244 4135 345 4188 cardin.
364 4138 538 4200 schismatis„
558 4141 635 4205 epist.
656 4139 790 4204 sigeberti
810 4138 924 4199 Gembl,
949 4144 1090 4206 utrumque
1110 4139 1266 4203 Widonem,
1292 4141 1362 4191 Petri

244 4208 335 4260 Crassi
353 4212 490 4277 seriptum.
548 4213 578 4279 2)
597 4213 720 4278 Epistula
735 4211 881 4263 Clementis
901 4213 935 4262 ad
954 4213 1092 4276 Iacobum,
1110 4213 1261 4267 Hinschius
1278 4232 1305 4282 p.
1320 4214 1361 4264 36.
