2812 4830
236 362 301 414 XIV
692 356 909 410 PRAEFATIO.

237 529 386 592 omnibus
418 526 543 590 uiribus
583 527 827 606 contenderant,
864 535 900 589 ut
939 527 1052 590 unitas
1089 525 1362 589 aduersariorum

237 613 377 676 Henrici
398 610 638 674 rescinderetur
660 610 729 693 (De
750 611 833 674 unit.
855 610 927 674 cccl.
951 610 998 690 II,
1020 609 1089 690 28).
1133 608 1236 693 Atqui
1259 609 1362 672 tatus

236 697 384 760 iniuriae
399 695 592 758 sarciendae
607 695 800 777 imperatori
811 692 914 778 facta
929 715 995 757 esse
1006 701 1152 777 potestas
1167 694 1241 756 oioo
1258 693 1360 757 Hart-

236 781 312 865 oipo
334 802 402 843 non
416 778 555 842 uidetur.
591 775 666 851 Qua
680 800 716 841 rc
732 801 803 842 cum
818 779 999 861 imperator
1013 786 1146 841 coeunte
1162 798 1253 840 anno
1268 776 1360 841 1090.

238 865 356 928 certior
372 863 491 948 factus
518 871 606 941 esset,
635 871 798 926 mortuum
826 884 893 925 esse
921 862 1122 947 Hartoipum
1145 859 1302 941 abbatum
1331 862 1362 925 ei

236 950 275 1012 in
306 956 437 1012 menum
472 947 530 1009 lsoc
559 948 684 1010 uenisse
710 945 937 1026 contenderim,
965 967 1033 1009 sese
1059 954 1186 1008 mortuo
1215 943 1270 1008 illi
1299 944 1359 1008 ali·

238 1040 398 1115 quantum
427 1030 548 1112 debere,
574 1031 637 1094 sili
663 1051 718 1094 eas
746 1030 895 1092 iniurias
922 1029 1153 1093 resarciendas
1175 1050 1252 1110 esse,
1276 1050 1359 1113 quas

237 1119 372 1201 inprato
402 1117 513 1180 animo
541 1114 711 1178 monachis
739 1112 830 1176 illius
860 1114 1005 1176 coenobii
1033 1111 1206 1176 intulisset.
1255 1114 1359 1188 (lu-am

227 1198 338 1284 facile
366 1201 472 1285 ipitur
490 1199 572 1280 fleri
591 1200 708 1282 potuit,
732 1206 777 1277 ut,
800 1220 863 1283 quo
891 1197 998 1261 noluit
1023 1197 1232 1261 Fridericum
1259 1194 1357 1260 Gose-

237 1306 361 1347 censcm
372 1285 490 1365 junqi,
512 1284 737 1366 episcopatum
758 1281 1021 1367 Numburpensis
1042 1279 1193 1345 ecclesiae
1214 1280 1359 1344 traderet

238 1368 395 1451 scriptori
420 1365 499 1430 libri
526 1369 642 1446 nostri,
669 1366 828 1429 monacho
857 1367 928 1429 eius
949 1366 1104 1446 coenobii,
1130 1365 1225 1428 cuius
1249 1364 1359 1428 abbati

237 1454 365 1536 pretias
387 1472 454 1513 non
470 1457 628 1535 potuerat
649 1449 784 1515 reddere
805 1450 888 1529 oioo,
911 1450 942 1512 ei
956 1450 1113 1513 monacho
1133 1448 1226 1512 illius
1248 1471 1360 1513 mona-

237 1535 341 1614 sterii,
365 1535 422 1619 qui
443 1534 573 1618 quidem
594 1532 714 1597 librum
736 1556 830 1597 suum
847 1534 994 1597 nondum
1015 1536 1052 1597 iu
1074 1533 1177 1596 lucem
1198 1533 1357 1609 ediderat,

238 1619 296 1682 sed
317 1620 375 1703 qui
396 1627 427 1681 et
448 1619 517 1680 acie
538 1618 669 1703 inperii
690 1627 718 1682 et
740 1618 843 1682 studii
853 1618 1001 1702 feruore,
1024 1638 1087 1700 quo
1108 1639 1246 1680 causam
1269 1617 1357 1679 Hen-

238 1702 303 1765 rici
325 1710 521 1785 susceperat,
544 1710 626 1765 certe
640 1711 774 1784 praeter
789 1723 897 1765 omnes
909 1701 1042 1785 fratres
1064 1721 1140 1764 suos
1153 1700 1307 1784 florebat,
1330 1700 1360 1763 ei

237 1786 413 1864 monacho,
444 1807 537 1870 qreem
566 1788 776 1869 suspicamur
813 1785 964 1849 coenobio
995 1784 1227 1848 Hersoeldensi
1284 1805 1357 1846 rae-

229 1868 343 1953 fuisse
357 1868 425 1934 illis
440 1872 550 1950 annis,
561 1891 625 1953 per
639 1891 719 1953 quos
735 1869 921 1954 Hartoipus
937 1868 1204 1952 archiepiscopus
1220 1807 1283 1930 Mi
1306 1867 1357 1930 de-

238 1955 412 2039 turpensis
441 1963 522 2034 crat,
552 1963 580 2016 et
607 1956 674 2039 qui,
700 1954 786 2017 sicut
814 1975 903 2016 anno
928 1953 1018 2018 1086.
1048 1952 1094 2015 cd
1125 1974 1231 2052 repom
1261 1891 1359 2016 lieri-

237 2061 398 2103 mannum
429 2040 548 2101 missus
579 2047 651 2102 erat
683 2038 746 2121 (II,
775 2062 800 2101 c.
825 2038 893 2118 16),
926 2038 974 2100 ita
1006 2036 1165 2122 lepatiom
1202 2035 1360 2099 Veronam

237 2125 342 2186 missa
364 2122 521 2205 efortasse
538 2121 731 2204 praefectus
753 2130 832 2184 erat.

323 2207 457 2270 Praeter
490 2207 551 2268 las
585 2227 668 2289 quas
700 2206 946 2268 commemoraui
978 2225 1100 2267 causas
1132 2202 1215 2266 miti
1247 2225 1360 2266 occur·

238 2297 320 2352 runt
352 2288 474 2368 mellae,
509 2288 627 2373 quibus
661 2289 824 2368 adducar,
859 2298 894 2351 ut
922 2287 1135 2351 Waltramum
1172 2288 1362 2370 episcopum

240 2372 523 2457 Numlurpensem
558 2370 746 2457 apolopiam
789 2374 962 2457 scripsisse
1003 2371 1205 2435 contendam.
1261 2369 1362 2433 Nunc

241 2465 348 2519 autem
414 2458 600 2536 asserimus,
643 2479 721 2519 num
758 2457 839 2541 quid
875 2457 934 2534 sit,
975 2456 1063 2539 quod
1099 2476 1158 2518 nos
1201 2454 1362 2537 impediat

241 2540 357 2613 dicere,
385 2479 599 2603 illaltromum
629 2542 819 2624 scriptorem
847 2539 925 2603 libri
956 2540 1062 2603 nostri
1083 2561 1160 2602 esse.
1204 2538 1265 2600 Est
1289 2539 1361 2622 qui·

240 2623 312 2685 dem
335 2623 429 2686 nihil.
472 2624 562 2687 Nam
590 2623 789 2689 Waltramus
801 2622 878 2707 fuit
900 2625 1073 2706 episcopas
1094 2621 1362 2706 Numburpensis

239 2707 317 2770 inde
351 2729 372 2770 a
399 2729 506 2771 mense
533 2707 717 2771 Februario
751 2710 836 2771 anni
859 2707 940 2770 1091
975 2713 1029 2789 (ut
1061 2728 1168 2789 supra
1197 2705 1360 2785 vidimus)

240 2813 342 2876 usque
372 2791 418 2854 ad
445 2814 570 2855 annum
599 2792 704 2855 1111.¹
748 2792 878 2855 Deinde
912 2799 1023 2855 notum
1055 2799 1110 2870 est,
1145 2789 1361 2855 Waltramum

240 2897 362 2938 summo
399 2876 507 2939 studio
540 2885 655 2959 partes
688 2876 827 2940 Hearici
861 2875 1071 2959 imperatoris
1107 2883 1251 2937 secutum
1284 2895 1361 2936 esse.

165 2993 166 2996 ¹
240 2959 330 3022 Nam
352 2968 456 3023 eadat
477 2963 547 3025 eius
570 2960 713 3044 epistula
735 2960 897 3045 quaedam
925 2960 970 3023 cd
992 2959 1135 3023 comitem
1156 2957 1361 3021 Ludooicum

241 3042 405 3125 Salium,
429 3067 495 3130 qua
517 3068 588 3108 eum
610 3046 738 3124 invitat,
760 3053 796 3106 ut
818 3067 955 3108 causam
977 3043 1188 3126 imperatoris
1218 3040 1359 3125 amplec-

240 3138 332 3191 tatur
360 3138 389 3190 et
414 3151 527 3213 papae
555 3129 690 3191 deserat.
734 3128 858 3190 Eodem
883 3127 967 3191 libro
998 3127 1037 3190 de
1064 3125 1216 3189 Auselmo
1251 3125 1359 3189 arcisi-

239 3236 256 3274 c
281 3215 392 3296 iscopo
417 3212 685 3278 Canterburiensi
707 3220 886 3274 narratur:
917 3209 971 3273 Ad
992 3208 1208 3275 Waltramum
1234 3229 1362 3295 quoque

273 3296 523 3380 amburgensem
555 3295 745 3378 episcopum
778 3292 817 3357 de
849 3295 1055 3378 processione
1088 3293 1227 3378 Spiritus
1261 3291 1364 3356 sancti

241 3379 371 3463 scripsit
392 3375 572 3463 epistulam,
593 3378 628 3440 in
650 3378 741 3441 cuius
763 3379 867 3462 capite
888 3379 996 3463 ipsum
1006 3376 1221 3443 Waltramum
1240 3377 1363 3461 episco-

241 3484 329 3547 pum,
361 3463 517 3526 fautorem
548 3461 691 3541 Henrici,
723 3461 929 3527 vehementer
960 3461 1127 3546 redarguit
1157 3472 1213 3526 etc.
1261 3462 1364 3527 Cuius

241 3545 399 3630 epistulae
421 3546 553 3609 initium
576 3548 694 3609 seueris
709 3547 814 3610 cerlis
824 3546 997 3633 plenisque
1013 3548 1243 3630 castipationis
1258 3548 1363 3630 scrip·

240 3639 309 3692 tam
332 3630 475 3693 incest:
499 3628 620 3692 Scienti
643 3627 781 3695 breviter
801 3629 923 3716 loquor.
969 3631 1004 3694 si
1027 3639 1133 3693 certus
1155 3651 1269 3711 essem,
1291 3650 1365 3713 pru-

241 3712 385 3776 dentiam
417 3722 556 3776 vestram
589 3733 653 3775 non
689 3713 797 3779 favere
834 3717 1012 3779 successori
1043 3712 1118 3776 Iulii
1151 3713 1299 3777 Caesaris
1333 3722 1365 3777 ct

241 3796 379 3861 Neronis
402 3807 434 3860 et
454 3795 570 3860 Iuliani
584 3796 762 3882 Apostatae
784 3810 896 3862 contra
918 3819 1136 3862 successorem
1159 3805 1191 3861 et
1208 3797 1362 3861 vicarium

241 3882 343 3946 Petri
358 3880 503 3966 apostoli,
532 3881 742 3946 libentissime
769 3904 826 3946 vos
854 3890 889 3945 ut
910 3882 1141 3946 amicissimum
1165 3890 1197 3946 et
1216 3902 1365 3945 reveren·

244 4085 271 4149 1)
298 4085 329 4135 V.
355 4084 451 4135 chron.
473 4084 550 4134 citiz.
578 4101 605 4152 p.
627 4084 697 4148 1783
728 4085 875 4150 Schiittgen
901 4091 927 4134 et
952 4085 1081 4150 Kreysig,
1108 4081 1307 4149 Diplomntnria
1336 4087 1364 4132 et

241 4159 387 4223 scriptores
413 4159 503 4208 histor.
528 4159 688 4209 Germaniae
708 4159 791 4209 medii
815 4159 886 4208 serii
911 4159 948 4218 II,
972 4174 997 4224 p.
1017 4156 1206 4220 154-15603
1237 4153 1310 4206 Jafft
1330 4157 1364 4216 V,

242 4249 269 4298 p.
284 4231 347 4280 557.
413 4233 440 4295 2)
460 4231 579 4282 Annales
600 4233 628 4284 S.
649 4232 745 4295 Disib,
767 4231 816 4283 SS.
835 4232 925 4294 XVII,
945 4248 970 4298 p.
990 4232 1032 4282 10.
