<?xml version="1.0" encoding="UTF-8"?>
<!DOCTYPE html PUBLIC "-//W3C//DTD XHTML 1.0 Transitional//EN"
    "http://www.w3.org/TR/xhtml1/DTD/xhtml1-transitional.dtd">
<html xmlns="http://www.w3.org/1999/xhtml" xml:lang="en" lang="en">
 <head>
  <title>
</title>
<meta http-equiv="Content-Type" content="text/html;charset=utf-8" />
  <meta name='ocr-system' content='tesseract 3.04.00' />
  <meta name='ocr-capabilities' content='ocr_page ocr_carea ocr_par ocr_line ocrx_word'/>
</head>
<body>
  <div class='ocr_page' id='page_1' title='image "./waltramiutvidet00schwgoog_0084.png"; bbox 0 0 2812 4830; ppageno 0'>
   <div class='ocr_carea' id='block_1_1' title="bbox 244 356 1187 410">
    <p class='ocr_par' dir='ltr' id='par_1_1' title="bbox 244 356 1187 410">
     <span class='ocr_line' id='line_1_1' title="bbox 244 356 1187 410; baseline 0 -3"><span class='ocrx_word' id='word_1_1' title='bbox 244 356 295 407; x_wconf 83' lang='lat' dir='ltr'><strong>DE</strong></span> <span class='ocrx_word' id='word_1_2' title='bbox 313 357 471 409; x_wconf 79' lang='lat' dir='ltr'><strong>UNITATE</strong></span> <span class='ocrx_word' id='word_1_3' title='bbox 491 357 695 410; x_wconf 73' lang='lat' dir='ltr'><strong>nocuusluu</strong></span> <span class='ocrx_word' id='word_1_4' title='bbox 715 357 990 410; x_wconf 76' lang='lat' dir='ltr'><strong>CONSERVANDA.</strong></span> <span class='ocrx_word' id='word_1_5' title='bbox 1152 358 1187 410; x_wconf 78' lang='lat'><strong>57</strong></span> 
     </span>
    </p>
   </div>
   <div class='ocr_carea' id='block_1_2' title="bbox 62 522 1346 2098">
    <p class='ocr_par' dir='ltr' id='par_1_2' title="bbox 62 522 1346 2098">
     <span class='ocr_line' id='line_1_2' title="bbox 63 522 1187 611; baseline 0.004 -26"><span class='ocrx_word' id='word_1_6' title='bbox 63 522 210 588; x_wconf 87' lang='lat' dir='ltr'><strong>faventes</strong></span> <span class='ocrx_word' id='word_1_7' title='bbox 222 525 502 589; x_wconf 87' lang='lat' dir='ltr'><strong>excommunicato</strong></span> <span class='ocrx_word' id='word_1_8' title='bbox 516 524 585 608; x_wconf 87' lang='lat' dir='ltr'><strong>regi</strong></span> <span class='ocrx_word' id='word_1_9' title='bbox 597 523 760 589; x_wconf 91' lang='lat' dir='ltr'><strong>Henrieho</strong></span> <span class='ocrx_word' id='word_1_10' title='bbox 771 523 930 590; x_wconf 90' lang='lat' dir='ltr'><strong>noluerint</strong></span> <span class='ocrx_word' id='word_1_11' title='bbox 941 523 1101 589; x_wconf 85' lang='lat' dir='ltr'><strong>declinare</strong></span> <span class='ocrx_word' id='word_1_12' title='bbox 1113 535 1187 611; x_wconf 89' lang='lat' dir='ltr'><strong>post</strong></span> 
     </span>
     <span class='ocr_line' id='line_1_3' title="bbox 63 607 1186 694; baseline 0.001 -22"><span class='ocrx_word' id='word_1_13' title='bbox 63 609 207 693; x_wconf 84' lang='lat' dir='ltr'><strong>partium</strong></span> <span class='ocrx_word' id='word_1_14' title='bbox 222 629 354 671; x_wconf 88' lang='lat' dir='ltr'><strong>suarum</strong></span> <span class='ocrx_word' id='word_1_15' title='bbox 368 608 482 673; x_wconf 89' lang='lat' dir='ltr'><strong>studia.</strong></span> <span class='ocrx_word' id='word_1_16' title='bbox 511 608 543 673; x_wconf 89' lang='lat' dir='ltr'>N</span> <span class='ocrx_word' id='word_1_17' title='bbox 544 629 606 672; x_wconf 89' lang='lat' dir='ltr'><strong>ova</strong></span> <span class='ocrx_word' id='word_1_18' title='bbox 624 618 657 673; x_wconf 88' lang='lat' dir='ltr'><strong>et</strong></span> <span class='ocrx_word' id='word_1_19' title='bbox 670 607 815 673; x_wconf 86' lang='lat' dir='ltr'><strong>inaudita</strong></span> <span class='ocrx_word' id='word_1_20' title='bbox 830 619 878 674; x_wconf 88' lang='lat' dir='ltr'><strong>est</strong></span> <span class='ocrx_word' id='word_1_21' title='bbox 892 609 1089 694; x_wconf 87' lang='lat' dir='ltr'><strong>praedicatio</strong></span> <span class='ocrx_word' id='word_1_22' title='bbox 1105 609 1186 674; x_wconf 91' lang='lat' dir='ltr'><strong>eius-</strong></span> 
     </span>
     <span class='ocr_line' id='line_1_4' title="bbox 64 690 1186 773; baseline 0.001 -18"><span class='ocrx_word' id='word_1_23' title='bbox 64 691 163 773; x_wconf 88' lang='lat' dir='ltr'>modi,</span> <span class='ocrx_word' id='word_1_24' title='bbox 187 713 261 756; x_wconf 91' lang='lat' dir='ltr'><strong>cum</strong></span> <span class='ocrx_word' id='word_1_25' title='bbox 283 690 420 757; x_wconf 83' lang='lat' dir='ltr'><strong>ecclesia</strong></span> <span class='ocrx_word' id='word_1_26' title='bbox 445 715 509 757; x_wconf 89' lang='lat' dir='ltr'><strong>non</strong></span> <span class='ocrx_word' id='word_1_27' title='bbox 531 691 648 757; x_wconf 86' lang='lat' dir='ltr'><strong>habeat</strong></span> <span class='ocrx_word' id='word_1_28' title='bbox 669 693 731 758; x_wconf 94' lang='lat' dir='ltr'><strong>sibi</strong></span> <span class='ocrx_word' id='word_1_29' title='bbox 751 713 939 757; x_wconf 90' lang='lat' dir='ltr'><strong>concessum</strong></span> <span class='ocrx_word' id='word_1_30' title='bbox 984 691 1104 758; x_wconf 91' lang='lat' dir='ltr'><strong>ladium</strong></span> <span class='ocrx_word' id='word_1_31' title='bbox 1124 695 1186 758; x_wconf 91' lang='lat' dir='ltr'><strong>nisi</strong></span> 
     </span>
     <span class='ocr_line' id='line_1_5' title="bbox 63 715 1183 863; baseline 0 -23"><span class='ocrx_word' id='word_1_32' title='bbox 63 777 208 862; x_wconf 89' lang='lat' dir='ltr'><strong>spiritus,</strong></span> <span class='ocrx_word' id='word_1_33' title='bbox 224 776 310 862; x_wconf 91' lang='lat' dir='ltr'><strong>qnod</strong></span> <span class='ocrx_word' id='word_1_34' title='bbox 325 785 373 840; x_wconf 88' lang='lat' dir='ltr'><strong>est</strong></span> <span class='ocrx_word' id='word_1_35' title='bbox 385 774 522 842; x_wconf 89' lang='lat' dir='ltr'><strong>verbum</strong></span> <span class='ocrx_word' id='word_1_36' title='bbox 532 776 627 840; x_wconf 86' lang='lat' dir='ltr'><strong>Dei1.</strong></span> <span class='ocrx_word' id='word_1_37' title='bbox 656 776 783 841; x_wconf 88' lang='lat' dir='ltr'><strong>Iustitia</strong></span> <span class='ocrx_word' id='word_1_38' title='bbox 802 777 881 863; x_wconf 92' lang='lat' dir='ltr'><strong>quip</strong></span> <span class='ocrx_word' id='word_1_39' title='bbox 907 799 924 842; x_wconf 93' lang='lat' dir='ltr'><strong>e</strong></span> <span class='ocrx_word' id='word_1_40' title='bbox 939 715 1183 842; x_wconf 65' lang='lat' dir='ltr'><strong>Pierisaeorum</strong></span> 
     </span>
     <span class='ocr_line' id='line_1_6' title="bbox 64 859 1185 947; baseline 0 -23"><span class='ocrx_word' id='word_1_41' title='bbox 64 869 123 942; x_wconf 89' lang='lat' dir='ltr'><strong>est,</strong></span> <span class='ocrx_word' id='word_1_42' title='bbox 146 882 212 924; x_wconf 91' lang='lat' dir='ltr'><strong>non</strong></span> <span class='ocrx_word' id='word_1_43' title='bbox 235 860 392 943; x_wconf 90' lang='lat' dir='ltr'><strong>occidere,</strong></span> <span class='ocrx_word' id='word_1_44' title='bbox 413 881 479 924; x_wconf 88' lang='lat' dir='ltr'><strong>non</strong></span> <span class='ocrx_word' id='word_1_45' title='bbox 498 861 652 947; x_wconf 88' lang='lat' dir='ltr'><strong>peierare.</strong></span> <span class='ocrx_word' id='word_1_46' title='bbox 684 859 752 925; x_wconf 81' lang='lat' dir='ltr'><strong>Sed</strong></span> <span class='ocrx_word' id='word_1_47' title='bbox 773 884 845 927; x_wconf 88' lang='lat' dir='ltr'><strong>uere</strong></span> <span class='ocrx_word' id='word_1_48' title='bbox 889 864 940 927; x_wconf 90' lang='lat' dir='ltr'><strong>icc</strong></span> <span class='ocrx_word' id='word_1_49' title='bbox 962 864 1062 941; x_wconf 80' lang='lat' dir='ltr'><strong>uobis,</strong></span> <span class='ocrx_word' id='word_1_50' title='bbox 1084 863 1131 927; x_wconf 92' lang='lat' dir='ltr'><strong>ait</strong></span> <span class='ocrx_word' id='word_1_51' title='bbox 1150 863 1185 925; x_wconf 92' lang='lat' dir='ltr'><strong>in</strong></span> 
     </span>
     <span class='ocr_line' id='line_1_7' title="bbox 63 942 1332 1033; baseline 0.001 -23"><span class='ocrx_word' id='word_1_52' title='bbox 63 942 234 1030; x_wconf 86' lang='lat' dir='ltr'><strong>euangelio</strong></span> <span class='ocrx_word' id='word_1_53' title='bbox 249 944 421 1026; x_wconf 85' lang='lat' dir='ltr'><strong>Dominus,</strong></span> <span class='ocrx_word' id='word_1_54' title='bbox 434 946 516 1029; x_wconf 85' lang='lat' dir='ltr'><strong>quia</strong></span> <span class='ocrx_word' id='word_1_55' title='bbox 530 947 600 1009; x_wconf 84' lang='lat' dir='ltr'><strong>nisi</strong></span> <span class='ocrx_word' id='word_1_56' title='bbox 614 946 834 1010; x_wconf 76' lang='lat' dir='ltr'><strong><em>abundaverit</em></strong></span> <span class='ocrx_word' id='word_1_57' title='bbox 846 947 977 1011; x_wconf 83' lang='lat' dir='ltr'><strong>iustitia</strong></span> <span class='ocrx_word' id='word_1_58' title='bbox 989 955 1096 1011; x_wconf 81' lang='lat' dir='ltr'><strong>uestra</strong></span> <span class='ocrx_word' id='word_1_59' title='bbox 1102 947 1184 1033; x_wconf 82' lang='lat' dir='ltr'><strong>plus</strong></span> <span class='ocrx_word' id='word_1_60' title='bbox 1194 968 1273 1008; x_wconf 73' lang='lat' dir='ltr'><strong>uara.</strong></span> <span class='ocrx_word' id='word_1_61' title='bbox 1285 969 1332 1018; x_wconf 65' lang='lat' dir='ltr'><strong>aa.</strong></span> 
     </span>
     <span class='ocr_line' id='line_1_8' title="bbox 63 1029 1184 1115; baseline 0.001 -22"><span class='ocrx_word' id='word_1_62' title='bbox 63 1052 166 1115; x_wconf 79' lang='lat' dir='ltr'><strong>quarn</strong></span> <span class='ocrx_word' id='word_1_63' title='bbox 187 1029 373 1094; x_wconf 82' lang='lat' dir='ltr'><strong>scribarum</strong></span> <span class='ocrx_word' id='word_1_64' title='bbox 395 1039 423 1093; x_wconf 93' lang='lat' dir='ltr'><strong>et</strong></span> <span class='ocrx_word' id='word_1_65' title='bbox 439 1029 706 1111; x_wconf 76' lang='lat' dir='ltr'><strong><em>Pharisaeorum,</em></strong></span> <span class='ocrx_word' id='word_1_66' title='bbox 728 1051 796 1093; x_wconf 86' lang='lat' dir='ltr'><strong>non</strong></span> <span class='ocrx_word' id='word_1_67' title='bbox 810 1030 976 1094; x_wconf 82' lang='lat' dir='ltr'><strong>intrabitis</strong></span> <span class='ocrx_word' id='word_1_68' title='bbox 994 1033 1030 1095; x_wconf 87' lang='lat' dir='ltr'><strong>in</strong></span> <span class='ocrx_word' id='word_1_69' title='bbox 1046 1053 1184 1115; x_wconf 71' lang='lat' dir='ltr'><strong>regnum</strong></span> 
     </span>
     <span class='ocr_line' id='line_1_9' title="bbox 63 1111 1183 1199; baseline 0.003 -23"><span class='ocrx_word' id='word_1_70' title='bbox 63 1113 238 1179; x_wconf 84' lang='lat' dir='ltr'><strong>caelorum.</strong></span> <span class='ocrx_word' id='word_1_71' title='bbox 288 1111 370 1177; x_wconf 81' lang='lat' dir='ltr'><strong>Oum</strong></span> <span class='ocrx_word' id='word_1_72' title='bbox 398 1113 483 1177; x_wconf 91' lang='lat' dir='ltr'><strong>enim</strong></span> <span class='ocrx_word' id='word_1_73' title='bbox 512 1112 634 1176; x_wconf 90' lang='lat' dir='ltr'><strong>dietum</strong></span> <span class='ocrx_word' id='word_1_74' title='bbox 662 1112 704 1178; x_wconf 86' lang='lat' dir='ltr'><strong>sit</strong></span> <span class='ocrx_word' id='word_1_75' title='bbox 734 1112 784 1176; x_wconf 87' lang='lat' dir='ltr'><strong>his</strong></span> <span class='ocrx_word' id='word_1_76' title='bbox 818 1113 874 1199; x_wconf 91' lang='lat' dir='ltr'><strong>qui</strong></span> <span class='ocrx_word' id='word_1_77' title='bbox 903 1123 977 1178; x_wconf 89' lang='lat' dir='ltr'><strong>sunt</strong></span> <span class='ocrx_word' id='word_1_78' title='bbox 1010 1113 1071 1177; x_wconf 90' lang='lat' dir='ltr'><strong>sub</strong></span> <span class='ocrx_word' id='word_1_79' title='bbox 1103 1112 1132 1178; x_wconf 92' lang='lat' dir='ltr'><strong>le</strong></span> <span class='ocrx_word' id='word_1_80' title='bbox 1156 1137 1183 1195; x_wconf 91' lang='lat' dir='ltr'><strong>e,</strong></span> 
     </span>
     <span class='ocr_line' id='line_1_10' title="bbox 63 1136 1346 1296; baseline 0.002 -36"><span class='ocrx_word' id='word_1_81' title='bbox 63 1196 207 1261; x_wconf 92' lang='lat' dir='ltr'><strong>Domino</strong></span> <span class='ocrx_word' id='word_1_82' title='bbox 236 1198 415 1263; x_wconf 87' lang='lat' dir='ltr'><strong>iuramenta</strong></span> <span class='ocrx_word' id='word_1_83' title='bbox 442 1218 501 1260; x_wconf 88' lang='lat' dir='ltr'><strong>sua</strong></span> <span class='ocrx_word' id='word_1_84' title='bbox 529 1196 677 1261; x_wconf 84' lang='lat' dir='ltr'><strong>reddere:</strong></span> <span class='ocrx_word' id='word_1_85' title='bbox 710 1198 781 1283; x_wconf 76' lang='lat' dir='ltr'><strong>Epo</strong></span> <span class='ocrx_word' id='word_1_86' title='bbox 810 1208 927 1279; x_wconf 85' lang='lat' dir='ltr'><strong>autern,</strong></span> <span class='ocrx_word' id='word_1_87' title='bbox 953 1198 1068 1284; x_wconf 86' lang='lat' dir='ltr'><strong>inquit,</strong></span> <span class='ocrx_word' id='word_1_88' title='bbox 1095 1136 1184 1262; x_wconf 72' lang='lat' dir='ltr'><strong>codis</strong></span> <span class='ocrx_word' id='word_1_89' title='bbox 1194 1196 1303 1296; x_wconf 46' lang='lat' dir='ltr'><strong>³1⁸3?ss</strong></span> <span class='ocrx_word' id='word_1_90' title='bbox 1311 1197 1346 1238; x_wconf 78' lang='lat'><strong>³³·</strong></span> 
     </span>
     <span class='ocr_line' id='line_1_11' title="bbox 63 1280 1309 1367; baseline 0.001 -21"><span class='ocrx_word' id='word_1_91' title='bbox 63 1282 148 1362; x_wconf 84' lang='lat' dir='ltr'><strong>dico,</strong></span> <span class='ocrx_word' id='word_1_92' title='bbox 168 1284 224 1367; x_wconf 89' lang='lat' dir='ltr'><strong>qui</strong></span> <span class='ocrx_word' id='word_1_93' title='bbox 239 1282 315 1345; x_wconf 86' lang='lat' dir='ltr'><strong>estis</strong></span> <span class='ocrx_word' id='word_1_94' title='bbox 332 1281 391 1345; x_wconf 91' lang='lat' dir='ltr'><strong>sub</strong></span> <span class='ocrx_word' id='word_1_95' title='bbox 408 1281 594 1365; x_wconf 86' lang='lat' dir='ltr'><strong>euangelica</strong></span> <span class='ocrx_word' id='word_1_96' title='bbox 609 1280 814 1365; x_wconf 81' lang='lat' dir='ltr'><strong>perfectione,</strong></span> <span class='ocrx_word' id='word_1_97' title='bbox 837 1305 904 1346; x_wconf 91' lang='lat' dir='ltr'><strong>non</strong></span> <span class='ocrx_word' id='word_1_98' title='bbox 919 1284 1035 1346; x_wconf 91' lang='lat' dir='ltr'><strong>iurare</strong></span> <span class='ocrx_word' id='word_1_99' title='bbox 1052 1284 1183 1347; x_wconf 82' lang='lat' dir='ltr'><strong>omnino</strong></span> <span class='ocrx_word' id='word_1_100' title='bbox 1259 1287 1264 1298; x_wconf 91' lang='lat'>&#39;</span> <span class='ocrx_word' id='word_1_101' title='bbox 1304 1284 1309 1295; x_wconf 82' lang='lat'>&#39;</span> 
     </span>
     <span class='ocr_line' id='line_1_12' title="bbox 62 1366 1184 1450; baseline 0.001 -20"><span class='ocrx_word' id='word_1_102' title='bbox 62 1375 92 1430; x_wconf 93' lang='lat' dir='ltr'><strong>et</strong></span> <span class='ocrx_word' id='word_1_103' title='bbox 108 1388 175 1429; x_wconf 90' lang='lat' dir='ltr'><strong>non</strong></span> <span class='ocrx_word' id='word_1_104' title='bbox 190 1366 339 1430; x_wconf 84' lang='lat' dir='ltr'><strong>resistere</strong></span> <span class='ocrx_word' id='word_1_105' title='bbox 354 1366 459 1445; x_wconf 85' lang='lat' dir='ltr'><strong>rnalo;</strong></span> <span class='ocrx_word' id='word_1_106' title='bbox 482 1367 549 1445; x_wconf 84' lang='lat' dir='ltr'><strong>sed,</strong></span> <span class='ocrx_word' id='word_1_107' title='bbox 571 1370 600 1430; x_wconf 85' lang='lat' dir='ltr'><strong>si</strong></span> <span class='ocrx_word' id='word_1_108' title='bbox 616 1367 690 1450; x_wconf 79' lang='lat' dir='ltr'><strong>quie</strong></span> <span class='ocrx_word' id='word_1_109' title='bbox 705 1374 734 1430; x_wconf 94' lang='lat' dir='ltr'><strong>te</strong></span> <span class='ocrx_word' id='word_1_110' title='bbox 777 1369 950 1431; x_wconf 84' lang='lat' dir='ltr'><strong>ereuseerit</strong></span> <span class='ocrx_word' id='word_1_111' title='bbox 964 1368 1001 1431; x_wconf 90' lang='lat' dir='ltr'><strong>in</strong></span> <span class='ocrx_word' id='word_1_112' title='bbox 1017 1368 1184 1431; x_wconf 78' lang='lat' dir='ltr'><strong>deuteruna</strong></span> 
     </span>
     <span class='ocr_line' id='line_1_13' title="bbox 62 1449 1184 1535; baseline -0.001 -22"><span class='ocrx_word' id='word_1_113' title='bbox 62 1449 247 1531; x_wconf 77' lang='lat' dir='ltr'><strong>marilian,</strong></span> <span class='ocrx_word' id='word_1_114' title='bbox 271 1451 392 1534; x_wconf 85' lang='lat' dir='ltr'><strong>praebe</strong></span> <span class='ocrx_word' id='word_1_115' title='bbox 424 1450 476 1515; x_wconf 87' lang='lat' dir='ltr'><strong>illi</strong></span> <span class='ocrx_word' id='word_1_116' title='bbox 507 1460 537 1514; x_wconf 92' lang='lat' dir='ltr'><strong>et</strong></span> <span class='ocrx_word' id='word_1_117' title='bbox 565 1449 712 1514; x_wconf 86' lang='lat' dir='ltr'><strong>alterurn.</strong></span> <span class='ocrx_word' id='word_1_118' title='bbox 773 1449 846 1534; x_wconf 71' lang='lat' dir='ltr'><strong>&#39;rgo</strong></span> <span class='ocrx_word' id='word_1_119' title='bbox 875 1471 948 1514; x_wconf 91' lang='lat' dir='ltr'><strong>cum</strong></span> <span class='ocrx_word' id='word_1_120' title='bbox 979 1451 1110 1535; x_wconf 82' lang='lat' dir='ltr'><strong>gravius</strong></span> <span class='ocrx_word' id='word_1_121' title='bbox 1142 1451 1184 1513; x_wconf 90' lang='lat' dir='ltr'><strong>sit</strong></span> 
     </span>
     <span class='ocr_line' id='line_1_14' title="bbox 62 1532 1184 1620; baseline 0.001 -24"><span class='ocrx_word' id='word_1_122' title='bbox 62 1532 173 1618; x_wconf 87' lang='lat' dir='ltr'><strong>gladio</strong></span> <span class='ocrx_word' id='word_1_123' title='bbox 214 1554 330 1617; x_wconf 89' lang='lat' dir='ltr'><strong>cogere</strong></span> <span class='ocrx_word' id='word_1_124' title='bbox 371 1533 413 1598; x_wconf 88' lang='lat' dir='ltr'><strong>ad</strong></span> <span class='ocrx_word' id='word_1_125' title='bbox 445 1533 704 1620; x_wconf 84' lang='lat' dir='ltr'><strong>supradictarum</strong></span> <span class='ocrx_word' id='word_1_126' title='bbox 737 1536 877 1618; x_wconf 86' lang='lat' dir='ltr'><strong>partium</strong></span> <span class='ocrx_word' id='word_1_127' title='bbox 914 1535 1184 1620; x_wconf 79' lang='lat' dir='ltr'><strong>conspirationem</strong></span> 
     </span>
     <span class='ocr_line' id='line_1_15' title="bbox 85 1615 1184 1703; baseline 0.001 -21"><span class='ocrx_word' id='word_1_128' title='bbox 85 1638 163 1682; x_wconf 86' lang='lat' dir='ltr'><strong>uam</strong></span> <span class='ocrx_word' id='word_1_129' title='bbox 177 1615 365 1682; x_wconf 90' lang='lat' dir='ltr'><strong>verberibus</strong></span> <span class='ocrx_word' id='word_1_130' title='bbox 380 1619 511 1702; x_wconf 84' lang='lat' dir='ltr'><strong>exigere</strong></span> <span class='ocrx_word' id='word_1_131' title='bbox 525 1617 632 1696; x_wconf 91' lang='lat' dir='ltr'><strong>fidem,</strong></span> <span class='ocrx_word' id='word_1_132' title='bbox 648 1639 723 1682; x_wconf 89' lang='lat' dir='ltr'><strong>ecce</strong></span> <span class='ocrx_word' id='word_1_133' title='bbox 739 1629 869 1682; x_wconf 87' lang='lat' dir='ltr'><strong>sanctus</strong></span> <span class='ocrx_word' id='word_1_134' title='bbox 882 1617 1061 1703; x_wconf 83' lang='lat' dir='ltr'><strong>Gregorius</strong></span> <span class='ocrx_word' id='word_1_135' title='bbox 1072 1617 1184 1683; x_wconf 83' lang='lat' dir='ltr'><strong>scribit</strong></span> 
     </span>
     <span class='ocr_line' id='line_1_16' title="bbox 62 1640 1183 1790; baseline 0 -24"><span class='ocrx_word' id='word_1_136' title='bbox 62 1640 104 1766; x_wconf 76' lang='lat' dir='ltr'><strong>de</strong></span> <span class='ocrx_word' id='word_1_137' title='bbox 127 1700 284 1767; x_wconf 90' lang='lat' dir='ltr'><strong>eiusmodi</strong></span> <span class='ocrx_word' id='word_1_138' title='bbox 305 1701 347 1764; x_wconf 85' lang='lat' dir='ltr'><strong>ad</strong></span> <span class='ocrx_word' id='word_1_139' title='bbox 369 1702 545 1767; x_wconf 86' lang='lat' dir='ltr'><strong>Iohannem</strong></span> <span class='ocrx_word' id='word_1_140' title='bbox 566 1701 956 1787; x_wconf 82' lang='lat' dir='ltr'><strong>Constantinopolitanum</strong></span> <span class='ocrx_word' id='word_1_141' title='bbox 978 1703 1183 1790; x_wconf 90' lang='lat' dir='ltr'><strong>episcopum:</strong></span> 
     </span>
     <span class='ocr_line' id='line_1_17' title="bbox 62 1785 1183 1871; baseline 0 -19"><span class='ocrx_word' id='word_1_142' title='bbox 62 1800 154 1865; x_wconf 86' lang='lat' dir='ltr'><strong>Noua,</strong></span> <span class='ocrx_word' id='word_1_143' title='bbox 177 1785 325 1871; x_wconf 82' lang='lat' dir='ltr'><strong>inquiens</strong></span> <span class='ocrx_word' id='word_1_144' title='bbox 335 1797 358 1867; x_wconf 82' lang='lat'><strong>²,</strong></span> <span class='ocrx_word' id='word_1_145' title='bbox 381 1811 459 1868; x_wconf 87' lang='lat' dir='ltr'><strong>atque</strong></span> <span class='ocrx_word' id='word_1_146' title='bbox 476 1800 603 1853; x_wconf 87' lang='lat' dir='ltr'><strong>inaudita</strong></span> <span class='ocrx_word' id='word_1_147' title='bbox 621 1808 659 1852; x_wconf 84' lang='lat' dir='ltr'><strong>eet</strong></span> <span class='ocrx_word' id='word_1_148' title='bbox 677 1799 731 1852; x_wconf 83' lang='lat' dir='ltr'><strong>ieta</strong></span> <span class='ocrx_word' id='word_1_149' title='bbox 744 1799 923 1866; x_wconf 76' lang='lat' dir='ltr'><strong>praedicatio,</strong></span> <span class='ocrx_word' id='word_1_150' title='bbox 944 1819 1013 1868; x_wconf 79' lang='lat' dir='ltr'><strong>quae</strong></span> <span class='ocrx_word' id='word_1_151' title='bbox 1032 1801 1183 1854; x_wconf 79' lang='lat' dir='ltr'><strong>uerberibus</strong></span> 
     </span>
     <span class='ocr_line' id='line_1_18' title="bbox 63 1869 1183 1952; baseline 0.001 -16"><span class='ocrx_word' id='word_1_152' title='bbox 63 1882 145 1950; x_wconf 72' lang='lat' dir='ltr'><strong>eripit</strong></span> <span class='ocrx_word' id='word_1_153' title='bbox 163 1884 256 1952; x_wconf 76' lang='lat' dir='ltr'><strong>fidem.</strong></span> <span class='ocrx_word' id='word_1_154' title='bbox 294 1884 418 1937; x_wconf 80' lang='lat' dir='ltr'><strong>Paetoree</strong></span> <span class='ocrx_word' id='word_1_155' title='bbox 442 1882 545 1949; x_wconf 78' lang='lat' dir='ltr'><strong>etenim,</strong></span> <span class='ocrx_word' id='word_1_156' title='bbox 573 1869 628 1949; x_wconf 88' lang='lat' dir='ltr'><strong>ait,</strong></span> <span class='ocrx_word' id='word_1_157' title='bbox 646 1883 720 1949; x_wconf 87' lang='lat' dir='ltr'><strong>sacti</strong></span> <span class='ocrx_word' id='word_1_158' title='bbox 742 1900 835 1935; x_wconf 81' lang='lat' dir='ltr'><strong>eumue</strong></span> <span class='ocrx_word' id='word_1_159' title='bbox 864 1891 887 1934; x_wconf 88' lang='lat' dir='ltr'><strong>et</strong></span> <span class='ocrx_word' id='word_1_160' title='bbox 915 1900 970 1933; x_wconf 87' lang='lat' dir='ltr'><strong>non</strong></span> <span class='ocrx_word' id='word_1_161' title='bbox 991 1892 1183 1947; x_wconf 79' lang='lat' dir='ltr'><strong>persecutores.</strong></span> 
     </span>
     <span class='ocr_line' id='line_1_19' title="bbox 62 1949 1183 2098; baseline 0.001 -84"><span class='ocrx_word' id='word_1_162' title='bbox 62 1951 170 2015; x_wconf 89' lang='lat' dir='ltr'><strong>Huius</strong></span> <span class='ocrx_word' id='word_1_163' title='bbox 192 1963 299 2017; x_wconf 88' lang='lat' dir='ltr'><strong>autem</strong></span> <span class='ocrx_word' id='word_1_164' title='bbox 314 1953 552 2098; x_wconf 89' lang='lat' dir='ltr'><strong>lpersecutionis</strong></span> <span class='ocrx_word' id='word_1_165' title='bbox 574 1950 708 2032; x_wconf 81' lang='lat' dir='ltr'><strong>rabiem,</strong></span> <span class='ocrx_word' id='word_1_166' title='bbox 729 1972 811 2036; x_wconf 88' lang='lat' dir='ltr'><strong>quae</strong></span> <span class='ocrx_word' id='word_1_167' title='bbox 829 1950 893 2013; x_wconf 86' lang='lat' dir='ltr'><strong>iam</strong></span> <span class='ocrx_word' id='word_1_168' title='bbox 914 1971 980 2013; x_wconf 92' lang='lat' dir='ltr'><strong>non</strong></span> <span class='ocrx_word' id='word_1_169' title='bbox 994 1949 1183 2015; x_wconf 89' lang='lat' dir='ltr'><strong>verberibus</strong></span> 
     </span>
    </p>
   </div>
   <div class='ocr_carea' id='block_1_3' title="bbox 51 2034 1206 3970">
    <p class='ocr_par' dir='ltr' id='par_1_3' title="bbox 51 2034 1206 3970">
     <span class='ocr_line' id='line_1_20' title="bbox 61 2034 1182 2183; baseline 0 -84"><span class='ocrx_word' id='word_1_170' title='bbox 61 2034 180 2120; x_wconf 86' lang='lat' dir='ltr'><strong>agitur,</strong></span> <span class='ocrx_word' id='word_1_171' title='bbox 208 2036 264 2101; x_wconf 89' lang='lat' dir='ltr'><strong>sed</strong></span> <span class='ocrx_word' id='word_1_172' title='bbox 291 2035 408 2120; x_wconf 89' lang='lat' dir='ltr'><strong>gadiis</strong></span> <span class='ocrx_word' id='word_1_173' title='bbox 441 2034 536 2100; x_wconf 92' lang='lat' dir='ltr'><strong>simul</strong></span> <span class='ocrx_word' id='word_1_174' title='bbox 567 2046 665 2122; x_wconf 90' lang='lat' dir='ltr'><strong>atque</strong></span> <span class='ocrx_word' id='word_1_175' title='bbox 694 2035 817 2183; x_wconf 78' lang='lat' dir='ltr'><strong>rapinis</strong></span> <span class='ocrx_word' id='word_1_176' title='bbox 850 2042 882 2097; x_wconf 89' lang='lat' dir='ltr'><strong>et</strong></span> <span class='ocrx_word' id='word_1_177' title='bbox 911 2034 1182 2101; x_wconf 85' lang='lat' dir='ltr'><strong>destructionibus</strong></span> 
     </span>
     <span class='ocr_line' id='line_1_21' title="bbox 61 2117 1182 2186; baseline -0.002 -2"><span class='ocrx_word' id='word_1_178' title='bbox 61 2117 270 2184; x_wconf 85' lang='lat' dir='ltr'><strong>ecclesiarum</strong></span> <span class='ocrx_word' id='word_1_179' title='bbox 293 2122 362 2186; x_wconf 86' lang='lat' dir='ltr'><strong>sive</strong></span> <span class='ocrx_word' id='word_1_180' title='bbox 383 2121 549 2185; x_wconf 88' lang='lat' dir='ltr'><strong>civitatum</strong></span> <span class='ocrx_word' id='word_1_181' title='bbox 571 2130 604 2185; x_wconf 89' lang='lat' dir='ltr'><strong>et</strong></span> <span class='ocrx_word' id='word_1_182' title='bbox 629 2122 724 2183; x_wconf 90' lang='lat' dir='ltr'><strong>incen</strong></span> <span class='ocrx_word' id='word_1_183' title='bbox 748 2119 788 2182; x_wconf 90' lang='lat' dir='ltr'><strong>iis</strong></span> <span class='ocrx_word' id='word_1_184' title='bbox 808 2117 958 2181; x_wconf 89' lang='lat' dir='ltr'><strong>villarum</strong></span> <span class='ocrx_word' id='word_1_185' title='bbox 983 2117 1083 2183; x_wconf 89' lang='lat' dir='ltr'><strong>multo</strong></span> <span class='ocrx_word' id='word_1_186' title='bbox 1104 2129 1182 2185; x_wconf 88' lang='lat' dir='ltr'><strong>tem·</strong></span> 
     </span>
     <span class='ocr_line' id='line_1_22' title="bbox 61 2202 1181 2290; baseline -0.004 -21"><span class='ocrx_word' id='word_1_187' title='bbox 61 2224 143 2290; x_wconf 89' lang='lat' dir='ltr'><strong>pore</strong></span> <span class='ocrx_word' id='word_1_188' title='bbox 175 2205 360 2270; x_wconf 89' lang='lat' dir='ltr'><strong>auctoribus</strong></span> <span class='ocrx_word' id='word_1_189' title='bbox 392 2205 553 2290; x_wconf 88' lang='lat' dir='ltr'><strong>episcopis</strong></span> <span class='ocrx_word' id='word_1_190' title='bbox 585 2212 765 2284; x_wconf 88' lang='lat' dir='ltr'><strong>exercetur,</strong></span> <span class='ocrx_word' id='word_1_191' title='bbox 796 2202 901 2284; x_wconf 87' lang='lat' dir='ltr'><strong>huius,</strong></span> <span class='ocrx_word' id='word_1_192' title='bbox 934 2203 1076 2287; x_wconf 89' lang='lat' dir='ltr'><strong>inquam,</strong></span> <span class='ocrx_word' id='word_1_193' title='bbox 1110 2225 1181 2288; x_wconf 90' lang='lat' dir='ltr'><strong>per-</strong></span> 
     </span>
     <span class='ocr_line' id='line_1_23' title="bbox 61 2285 1182 2385; baseline -0.001 -33"><span class='ocrx_word' id='word_1_194' title='bbox 61 2288 237 2352; x_wconf 85' lang='lat' dir='ltr'><strong>secutionis</strong></span> <span class='ocrx_word' id='word_1_195' title='bbox 265 2288 389 2353; x_wconf 88' lang='lat' dir='ltr'><strong>rabiem</strong></span> <span class='ocrx_word' id='word_1_196' title='bbox 423 2288 613 2373; x_wconf 89' lang='lat' dir='ltr'><strong>comprobat</strong></span> <span class='ocrx_word' id='word_1_197' title='bbox 642 2289 779 2373; x_wconf 85' lang='lat' dir='ltr'><strong>scriptor</strong></span> <span class='ocrx_word' id='word_1_198' title='bbox 811 2285 895 2351; x_wconf 91' lang='lat' dir='ltr'><strong>illius</strong></span> <span class='ocrx_word' id='word_1_199' title='bbox 924 2285 1088 2385; x_wconf 90' lang='lat' dir='ltr'><strong>epistolae,</strong></span> <span class='ocrx_word' id='word_1_200' title='bbox 1118 2309 1182 2372; x_wconf 88' lang='lat' dir='ltr'><strong>qua</strong></span> 
     </span>
     <span class='ocr_line' id='line_1_24' title="bbox 61 2370 1182 2458; baseline -0.001 -23"><span class='ocrx_word' id='word_1_201' title='bbox 61 2373 206 2458; x_wconf 86' lang='lat' dir='ltr'><strong>suscepit</strong></span> <span class='ocrx_word' id='word_1_202' title='bbox 247 2383 372 2458; x_wconf 86' lang='lat' dir='ltr'><strong>partem</strong></span> <span class='ocrx_word' id='word_1_203' title='bbox 405 2374 455 2436; x_wconf 90' lang='lat' dir='ltr'><strong>sui</strong></span> <span class='ocrx_word' id='word_1_204' title='bbox 490 2373 640 2458; x_wconf 79' lang='lat' dir='ltr'><strong>Gregorii</strong></span> <span class='ocrx_word' id='word_1_205' title='bbox 673 2370 844 2436; x_wconf 89' lang='lat' dir='ltr'><strong>defendere</strong></span> <span class='ocrx_word' id='word_1_206' title='bbox 877 2380 909 2435; x_wconf 90' lang='lat' dir='ltr'><strong>et</strong></span> <span class='ocrx_word' id='word_1_207' title='bbox 939 2370 1078 2436; x_wconf 89' lang='lat' dir='ltr'><strong>mtendit</strong></span> <span class='ocrx_word' id='word_1_208' title='bbox 1111 2392 1182 2436; x_wconf 87' lang='lat' dir='ltr'><strong>cam</strong></span> 
     </span>
     <span class='ocr_line' id='line_1_25' title="bbox 61 2454 1181 2543; baseline 0.001 -24"><span class='ocrx_word' id='word_1_209' title='bbox 61 2465 247 2521; x_wconf 87' lang='lat' dir='ltr'><strong>sanctorum</strong></span> <span class='ocrx_word' id='word_1_210' title='bbox 276 2466 403 2543; x_wconf 86' lang='lat' dir='ltr'><strong>petrum</strong></span> <span class='ocrx_word' id='word_1_211' title='bbox 432 2457 559 2542; x_wconf 88' lang='lat' dir='ltr'><strong>scriptis</strong></span> <span class='ocrx_word' id='word_1_212' title='bbox 587 2457 661 2522; x_wconf 90' lang='lat' dir='ltr'><strong>hinc</strong></span> <span class='ocrx_word' id='word_1_213' title='bbox 692 2456 767 2520; x_wconf 92' lang='lat' dir='ltr'><strong>inde</strong></span> <span class='ocrx_word' id='word_1_214' title='bbox 794 2454 1012 2519; x_wconf 83' lang='lat' dir='ltr'><strong>fraudulenter</strong></span> <span class='ocrx_word' id='word_1_215' title='bbox 1040 2455 1181 2520; x_wconf 86' lang='lat' dir='ltr'><strong>collectis</strong></span> 
     </span>
     <span class='ocr_line' id='line_1_26' title="bbox 60 2539 1182 2626; baseline -0.001 -21"><span class='ocrx_word' id='word_1_216' title='bbox 60 2540 232 2622; x_wconf 85' lang='lat' dir='ltr'><strong>affirmare,</strong></span> <span class='ocrx_word' id='word_1_217' title='bbox 254 2551 289 2606; x_wconf 91' lang='lat' dir='ltr'><strong>ut</strong></span> <span class='ocrx_word' id='word_1_218' title='bbox 303 2540 430 2626; x_wconf 86' lang='lat' dir='ltr'><strong>gladius</strong></span> <span class='ocrx_word' id='word_1_219' title='bbox 444 2540 573 2626; x_wconf 89' lang='lat' dir='ltr'><strong>linguae</strong></span> <span class='ocrx_word' id='word_1_220' title='bbox 587 2540 735 2606; x_wconf 90' lang='lat' dir='ltr'><strong>acerbius</strong></span> <span class='ocrx_word' id='word_1_221' title='bbox 750 2539 872 2624; x_wconf 88' lang='lat' dir='ltr'><strong>affligat</strong></span> <span class='ocrx_word' id='word_1_222' title='bbox 886 2539 1065 2622; x_wconf 86' lang='lat' dir='ltr'><strong>ecelesiam,</strong></span> <span class='ocrx_word' id='word_1_223' title='bbox 1085 2562 1182 2625; x_wconf 89' lang='lat' dir='ltr'><strong>quam</strong></span> 
     </span>
     <span class='ocr_line' id='line_1_27' title="bbox 59 2623 1183 2710; baseline 0.001 -23"><span class='ocrx_word' id='word_1_224' title='bbox 59 2623 188 2710; x_wconf 84' lang='lat' dir='ltr'><strong>gladius</strong></span> <span class='ocrx_word' id='word_1_225' title='bbox 205 2625 375 2690; x_wconf 89' lang='lat' dir='ltr'><strong>occisionis</strong></span> <span class='ocrx_word' id='word_1_226' title='bbox 391 2625 545 2692; x_wconf 85' lang='lat' dir='ltr'><strong>hactenus</strong></span> <span class='ocrx_word' id='word_1_227' title='bbox 560 2625 712 2690; x_wconf 87' lang='lat' dir='ltr'><strong>afflixerit</strong></span> <span class='ocrx_word' id='word_1_228' title='bbox 727 2646 814 2707; x_wconf 72' lang='lat' dir='ltr'><strong>eam,</strong></span> <span class='ocrx_word' id='word_1_229' title='bbox 837 2625 988 2710; x_wconf 85' lang='lat' dir='ltr'><strong>quoniam</strong></span> <span class='ocrx_word' id='word_1_230' title='bbox 1005 2625 1096 2688; x_wconf 86' lang='lat' dir='ltr'><strong>iuxta</strong></span> <span class='ocrx_word' id='word_1_231' title='bbox 1113 2646 1183 2688; x_wconf 88' lang='lat' dir='ltr'><strong>sen-</strong></span> 
     </span>
     <span class='ocr_line' id='line_1_28' title="bbox 61 2707 1182 2797; baseline -0.003 -23"><span class='ocrx_word' id='word_1_232' title='bbox 61 2709 216 2774; x_wconf 85' lang='lat' dir='ltr'><strong>tentiam³</strong></span> <span class='ocrx_word' id='word_1_233' title='bbox 238 2731 366 2796; x_wconf 91' lang='lat' dir='ltr'><strong>quoque</strong></span> <span class='ocrx_word' id='word_1_234' title='bbox 388 2710 563 2795; x_wconf 84' lang='lat' dir='ltr'><strong>Augustini</strong></span> <span class='ocrx_word' id='word_1_235' title='bbox 589 2710 721 2797; x_wconf 86' lang='lat' dir='ltr'><strong>gravius</strong></span> <span class='ocrx_word' id='word_1_236' title='bbox 743 2707 788 2772; x_wconf 93' lang='lat' dir='ltr'><strong>illi</strong></span> <span class='ocrx_word' id='word_1_237' title='bbox 811 2730 864 2772; x_wconf 92' lang='lat' dir='ltr'><strong>cor</strong></span> <span class='ocrx_word' id='word_1_238' title='bbox 885 2709 1012 2789; x_wconf 89' lang='lat' dir='ltr'><strong>feriunt,</strong></span> <span class='ocrx_word' id='word_1_239' title='bbox 1040 2709 1096 2793; x_wconf 91' lang='lat' dir='ltr'><strong>qui</strong></span> <span class='ocrx_word' id='word_1_240' title='bbox 1116 2707 1182 2794; x_wconf 89' lang='lat' dir='ltr'><strong>gla-</strong></span> 
     </span>
     <span class='ocr_line' id='line_1_29' title="bbox 61 2792 1183 2879; baseline 0 -21"><span class='ocrx_word' id='word_1_241' title='bbox 61 2793 117 2858; x_wconf 83' lang='lat' dir='ltr'><strong>dio</strong></span> <span class='ocrx_word' id='word_1_242' title='bbox 142 2792 273 2878; x_wconf 79' lang='lat' dir='ltr'><strong>linguae</strong></span> <span class='ocrx_word' id='word_1_243' title='bbox 299 2794 427 2877; x_wconf 84' lang='lat' dir='ltr'><strong>feriunt,</strong></span> <span class='ocrx_word' id='word_1_244' title='bbox 454 2818 478 2861; x_wconf 92' lang='lat' dir='ltr'><strong>et</strong></span> <span class='ocrx_word' id='word_1_245' title='bbox 507 2809 636 2874; x_wconf 80' lang='lat' dir='ltr'><strong>acerbius,</strong></span> <span class='ocrx_word' id='word_1_246' title='bbox 658 2793 772 2879; x_wconf 81' lang='lat' dir='ltr'><strong>inquit,</strong></span> <span class='ocrx_word' id='word_1_247' title='bbox 802 2807 959 2874; x_wconf 74' lang='lat' dir='ltr'><strong>sanquinem</strong></span> <span class='ocrx_word' id='word_1_248' title='bbox 976 2808 1111 2873; x_wconf 85' lang='lat' dir='ltr'><strong>fundunt,</strong></span> <span class='ocrx_word' id='word_1_249' title='bbox 1136 2806 1183 2873; x_wconf 77' lang='lat' dir='ltr'><strong>qui</strong></span> 
     </span>
     <span class='ocr_line' id='line_1_30' title="bbox 61 2873 1183 2959; baseline -0.004 -16"><span class='ocrx_word' id='word_1_250' title='bbox 61 2889 203 2956; x_wconf 77' lang='lat' dir='ltr'><strong>Christum,</strong></span> <span class='ocrx_word' id='word_1_251' title='bbox 231 2900 360 2958; x_wconf 78' lang='lat' dir='ltr'><strong>quantum</strong></span> <span class='ocrx_word' id='word_1_252' title='bbox 383 2889 413 2943; x_wconf 89' lang='lat' dir='ltr'><strong>in</strong></span> <span class='ocrx_word' id='word_1_253' title='bbox 438 2892 504 2959; x_wconf 82' lang='lat' dir='ltr'><strong>ipsis</strong></span> <span class='ocrx_word' id='word_1_254' title='bbox 529 2894 576 2955; x_wconf 84' lang='lat' dir='ltr'><strong>est,</strong></span> <span class='ocrx_word' id='word_1_255' title='bbox 601 2892 630 2943; x_wconf 86' lang='lat' dir='ltr'><strong>in</strong></span> <span class='ocrx_word' id='word_1_256' title='bbox 654 2892 757 2943; x_wconf 79' lang='lat' dir='ltr'><strong>homine</strong></span> <span class='ocrx_word' id='word_1_257' title='bbox 776 2891 906 2943; x_wconf 84' lang='lat' dir='ltr'><strong>occidunt.</strong></span> <span class='ocrx_word' id='word_1_258' title='bbox 951 2873 1070 2939; x_wconf 75' lang='lat' dir='ltr'><strong>Scribit</strong></span> <span class='ocrx_word' id='word_1_259' title='bbox 1097 2877 1183 2939; x_wconf 89' lang='lat' dir='ltr'><strong>enim</strong></span> 
     </span>
     <span class='ocr_line' id='line_1_31' title="bbox 60 2956 1183 3045; baseline -0.001 -22"><span class='ocrx_word' id='word_1_260' title='bbox 60 2969 137 3045; x_wconf 90' lang='lat' dir='ltr'><strong>post</strong></span> <span class='ocrx_word' id='word_1_261' title='bbox 168 2959 269 3024; x_wconf 87' lang='lat' dir='ltr'><strong>multa</strong></span> <span class='ocrx_word' id='word_1_262' title='bbox 301 2969 334 3024; x_wconf 88' lang='lat' dir='ltr'><strong>et</strong></span> <span class='ocrx_word' id='word_1_263' title='bbox 364 2959 446 3024; x_wconf 92' lang='lat' dir='ltr'><strong>inter</strong></span> <span class='ocrx_word' id='word_1_264' title='bbox 478 2958 592 3040; x_wconf 86' lang='lat' dir='ltr'><strong>multa,</strong></span> <span class='ocrx_word' id='word_1_265' title='bbox 626 2958 742 3044; x_wconf 92' lang='lat' dir='ltr'><strong>quibus</strong></span> <span class='ocrx_word' id='word_1_266' title='bbox 777 2956 989 3023; x_wconf 85' lang='lat' dir='ltr'><strong>calumniatur</strong></span> <span class='ocrx_word' id='word_1_267' title='bbox 1016 2957 1067 3022; x_wconf 91' lang='lat' dir='ltr'><strong>vel</strong></span> <span class='ocrx_word' id='word_1_268' title='bbox 1095 2959 1183 3025; x_wconf 89' lang='lat' dir='ltr'><strong>Hen-</strong></span> 
     </span>
     <span class='ocr_line' id='line_1_32' title="bbox 61 3041 1182 3129; baseline 0 -21"><span class='ocrx_word' id='word_1_269' title='bbox 61 3041 173 3108; x_wconf 88' lang='lat' dir='ltr'><strong>richus</strong></span> <span class='ocrx_word' id='word_1_270' title='bbox 201 3044 375 3129; x_wconf 89' lang='lat' dir='ltr'><strong>imperator</strong></span> <span class='ocrx_word' id='word_1_271' title='bbox 402 3042 453 3108; x_wconf 90' lang='lat' dir='ltr'><strong>vel</strong></span> <span class='ocrx_word' id='word_1_272' title='bbox 475 3042 625 3108; x_wconf 74' lang='lat' dir='ltr'><strong>Clemens</strong></span> <span class='ocrx_word' id='word_1_273' title='bbox 651 3064 752 3129; x_wconf 86' lang='lat' dir='ltr'><strong>papa:</strong></span> <span class='ocrx_word' id='word_1_274' title='bbox 787 3043 901 3106; x_wconf 86' lang='lat' dir='ltr'><strong>Verum</strong></span> <span class='ocrx_word' id='word_1_275' title='bbox 929 3044 987 3126; x_wconf 81' lang='lat' dir='ltr'><strong>qui</strong></span> <span class='ocrx_word' id='word_1_276' title='bbox 1014 3043 1182 3124; x_wconf 79' lang='lat' dir='ltr'><strong>hactenus,</strong></span> 
     </span>
     <span class='ocr_line' id='line_1_33' title="bbox 61 3125 1182 3213; baseline 0 -23"><span class='ocrx_word' id='word_1_277' title='bbox 61 3127 178 3213; x_wconf 87' lang='lat' dir='ltr'><strong>inquit,</strong></span> <span class='ocrx_word' id='word_1_278' title='bbox 193 3129 328 3209; x_wconf 88' lang='lat' dir='ltr'><strong>tacebat,</strong></span> <span class='ocrx_word' id='word_1_279' title='bbox 351 3128 428 3192; x_wconf 70' lang='lat' dir='ltr'><strong>braic</strong></span> <span class='ocrx_word' id='word_1_280' title='bbox 443 3150 663 3213; x_wconf 81' lang='lat' dir='ltr'><strong>responsurus</strong></span> <span class='ocrx_word' id='word_1_281' title='bbox 683 3125 868 3192; x_wconf 85' lang='lat' dir='ltr'><strong>calumniae</strong></span> <span class='ocrx_word' id='word_1_282' title='bbox 877 3148 975 3210; x_wconf 85' lang='lat' dir='ltr'><strong>papa</strong></span> <span class='ocrx_word' id='word_1_283' title='bbox 989 3126 1182 3191; x_wconf 76' lang='lat' dir='ltr'><strong>Damasua⁴</strong></span> 
     </span>
     <span class='ocr_line' id='line_1_34' title="bbox 56 3210 1184 3298; baseline 0 -24"><span class='ocrx_word' id='word_1_284' title='bbox 56 3213 239 3296; x_wconf 77' lang='lat' dir='ltr'><strong>procedat:</strong></span> <span class='ocrx_word' id='word_1_285' title='bbox 268 3212 348 3286; x_wconf 80' lang='lat' dir='ltr'><strong>‘Qui</strong></span> <span class='ocrx_word' id='word_1_286' title='bbox 374 3222 481 3298; x_wconf 81' lang='lat' dir='ltr'><strong>potest</strong></span> <span class='ocrx_word' id='word_1_287' title='bbox 513 3212 644 3276; x_wconf 89' lang='lat' dir='ltr'><strong>obviare</strong></span> <span class='ocrx_word' id='word_1_288' title='bbox 676 3221 704 3277; x_wconf 91' lang='lat' dir='ltr'><strong>et</strong></span> <span class='ocrx_word' id='word_1_289' title='bbox 755 3210 923 3274; x_wconf 89' lang='lat' dir='ltr'><strong>erturbare</strong></span> <span class='ocrx_word' id='word_1_290' title='bbox 946 3231 1121 3293; x_wconf 79' lang='lat' dir='ltr'><strong>perversos</strong></span> <span class='ocrx_word' id='word_1_291' title='bbox 1153 3220 1184 3274; x_wconf 91' lang='lat' dir='ltr'><strong>et</strong></span> 
     </span>
     <span class='ocr_line' id='line_1_35' title="bbox 61 3233 1206 3382; baseline -0.001 -22"><span class='ocrx_word' id='word_1_292' title='bbox 61 3319 131 3361; x_wconf 87' lang='lat' dir='ltr'><strong>noa</strong></span> <span class='ocrx_word' id='word_1_293' title='bbox 147 3295 249 3380; x_wconf 83' lang='lat' dir='ltr'><strong>facit,</strong></span> <span class='ocrx_word' id='word_1_294' title='bbox 282 3295 368 3363; x_wconf 87' lang='lat' dir='ltr'><strong>nibil</strong></span> <span class='ocrx_word' id='word_1_295' title='bbox 396 3306 443 3360; x_wconf 82' lang='lat' dir='ltr'><strong>est</strong></span> <span class='ocrx_word' id='word_1_296' title='bbox 470 3296 564 3360; x_wconf 87' lang='lat' dir='ltr'><strong>alind</strong></span> <span class='ocrx_word' id='word_1_297' title='bbox 591 3319 690 3382; x_wconf 83' lang='lat' dir='ltr'><strong>quam</strong></span> <span class='ocrx_word' id='word_1_298' title='bbox 711 3233 832 3380; x_wconf 54' lang='lat' dir='ltr'><strong>struere</strong></span> <span class='ocrx_word' id='word_1_299' title='bbox 860 3316 970 3358; x_wconf 84' lang='lat' dir='ltr'><strong>eorum</strong></span> <span class='ocrx_word' id='word_1_300' title='bbox 1000 3296 1206 3378; x_wconf 49' lang='lat' dir='ltr'><strong>impietatis</strong></span> 
     </span>
     <span class='ocr_line' id='line_1_36' title="bbox 61 3378 1181 3466; baseline -0.003 -21"><span class='ocrx_word' id='word_1_301' title='bbox 61 3401 121 3445; x_wconf 87' lang='lat' dir='ltr'><strong>nec</strong></span> <span class='ocrx_word' id='word_1_302' title='bbox 148 3381 232 3445; x_wconf 81' lang='lat' dir='ltr'><strong>eninr</strong></span> <span class='ocrx_word' id='word_1_303' title='bbox 259 3391 348 3447; x_wconf 89' lang='lat' dir='ltr'><strong>caret</strong></span> <span class='ocrx_word' id='word_1_304' title='bbox 374 3379 534 3466; x_wconf 82' lang='lat' dir='ltr'><strong>scrupulo</strong></span> <span class='ocrx_word' id='word_1_305' title='bbox 561 3382 726 3446; x_wconf 79' lang='lat' dir='ltr'><strong>societatis</strong></span> <span class='ocrx_word' id='word_1_306' title='bbox 749 3380 899 3459; x_wconf 86' lang='lat' dir='ltr'><strong>occultae,</strong></span> <span class='ocrx_word' id='word_1_307' title='bbox 928 3381 986 3464; x_wconf 85' lang='lat' dir='ltr'><strong>qui</strong></span> <span class='ocrx_word' id='word_1_308' title='bbox 1006 3378 1181 3462; x_wconf 83' lang='lat' dir='ltr'><strong>manifesto</strong></span> 
     </span>
     <span class='ocr_line' id='line_1_37' title="bbox 51 3463 1181 3550; baseline -0.003 -22"><span class='ocrx_word' id='word_1_309' title='bbox 51 3464 209 3548; x_wconf 77' lang='lat' dir='ltr'><strong>facinori</strong></span> <span class='ocrx_word' id='word_1_310' title='bbox 224 3465 342 3531; x_wconf 85' lang='lat' dir='ltr'><strong>desiuit</strong></span> <span class='ocrx_word' id='word_1_311' title='bbox 356 3465 505 3534; x_wconf 83' lang='lat' dir='ltr'><strong>obviare&#39;.</strong></span> <span class='ocrx_word' id='word_1_312' title='bbox 535 3465 599 3528; x_wconf 90' lang='lat' dir='ltr'><strong>Leo</strong></span> <span class='ocrx_word' id='word_1_313' title='bbox 609 3475 744 3548; x_wconf 58' lang='lat' dir='ltr'><strong>popm:</strong></span> <span class='ocrx_word' id='word_1_314' title='bbox 767 3463 874 3550; x_wconf 75' lang='lat' dir='ltr'><strong>‘Nepli</strong></span> <span class='ocrx_word' id='word_1_315' title='bbox 897 3485 959 3543; x_wconf 88' lang='lat' dir='ltr'><strong>ere,</strong></span> <span class='ocrx_word' id='word_1_316' title='bbox 980 3485 1052 3526; x_wconf 85' lang='lat' dir='ltr'><strong>cum</strong></span> <span class='ocrx_word' id='word_1_317' title='bbox 1068 3464 1181 3546; x_wconf 79' lang='lat' dir='ltr'><strong>possis</strong></span> 
     </span>
     <span class='ocr_line' id='line_1_38' title="bbox 61 3487 1181 3635; baseline -0.003 -22"><span class='ocrx_word' id='word_1_318' title='bbox 61 3549 247 3630; x_wconf 85' lang='lat' dir='ltr'><strong>deturbare,</strong></span> <span class='ocrx_word' id='word_1_319' title='bbox 265 3571 449 3635; x_wconf 81' lang='lat' dir='ltr'><strong>perversos,</strong></span> <span class='ocrx_word' id='word_1_320' title='bbox 470 3548 555 3614; x_wconf 84' lang='lat' dir='ltr'><strong>nibil</strong></span> <span class='ocrx_word' id='word_1_321' title='bbox 571 3547 666 3613; x_wconf 86' lang='lat' dir='ltr'><strong>aliud</strong></span> <span class='ocrx_word' id='word_1_322' title='bbox 680 3557 726 3613; x_wconf 84' lang='lat' dir='ltr'><strong>eet</strong></span> <span class='ocrx_word' id='word_1_323' title='bbox 740 3571 838 3633; x_wconf 80' lang='lat' dir='ltr'><strong>quant</strong></span> <span class='ocrx_word' id='word_1_324' title='bbox 860 3487 928 3611; x_wconf 71' lang='lat' dir='ltr'><strong>titis</strong></span> <span class='ocrx_word' id='word_1_325' title='bbox 940 3547 1082 3631; x_wconf 86' lang='lat' dir='ltr'><strong>facere;</strong></span> <span class='ocrx_word' id='word_1_326' title='bbox 1105 3570 1181 3632; x_wconf 75' lang='lat' dir='ltr'><strong>erpo</strong></span> 
     </span>
     <span class='ocr_line' id='line_1_39' title="bbox 62 3632 1181 3716; baseline -0.001 -20"><span class='ocrx_word' id='word_1_327' title='bbox 62 3634 150 3696; x_wconf 81' lang='lat' dir='ltr'><strong>enine</strong></span> <span class='ocrx_word' id='word_1_328' title='bbox 167 3635 222 3698; x_wconf 87' lang='lat' dir='ltr'><strong>cui</strong></span> <span class='ocrx_word' id='word_1_329' title='bbox 236 3657 303 3700; x_wconf 91' lang='lat' dir='ltr'><strong>non</strong></span> <span class='ocrx_word' id='word_1_330' title='bbox 318 3635 494 3713; x_wconf 83' lang='lat' dir='ltr'><strong>resistitur,</strong></span> <span class='ocrx_word' id='word_1_331' title='bbox 511 3632 728 3716; x_wconf 79' lang='lat' dir='ltr'><strong>approbatur,</strong></span> <span class='ocrx_word' id='word_1_332' title='bbox 751 3641 780 3697; x_wconf 89' lang='lat' dir='ltr'><strong>et</strong></span> <span class='ocrx_word' id='word_1_333' title='bbox 795 3633 926 3709; x_wconf 83' lang='lat' dir='ltr'><strong>ueritus,</strong></span> <span class='ocrx_word' id='word_1_334' title='bbox 950 3653 1033 3715; x_wconf 80' lang='lat' dir='ltr'><strong>qrrue</strong></span> <span class='ocrx_word' id='word_1_335' title='bbox 1048 3633 1181 3695; x_wconf 80' lang='lat' dir='ltr'><strong>mininie</strong></span> 
     </span>
     <span class='ocr_line' id='line_1_40' title="bbox 62 3715 1180 3805; baseline -0.002 -24"><span class='ocrx_word' id='word_1_336' title='bbox 62 3715 272 3800; x_wconf 85' lang='lat' dir='ltr'><strong>defensatur,</strong></span> <span class='ocrx_word' id='word_1_337' title='bbox 306 3719 525 3805; x_wconf 72' lang='lat' dir='ltr'><strong>opprimitur.</strong></span> <span class='ocrx_word' id='word_1_338' title='bbox 571 3715 775 3802; x_wconf 74' lang='lat' dir='ltr'><strong>Gregorius⁰</strong></span> <span class='ocrx_word' id='word_1_339' title='bbox 809 3719 846 3780; x_wconf 88' lang='lat' dir='ltr'><strong>in</strong></span> <span class='ocrx_word' id='word_1_340' title='bbox 879 3717 948 3779; x_wconf 80' lang='lat' dir='ltr'><strong>suis</strong></span> <span class='ocrx_word' id='word_1_341' title='bbox 980 3715 1180 3779; x_wconf 86' lang='lat' dir='ltr'><strong>moralibus:</strong></span> 
     </span>
     <span class='ocr_line' id='line_1_41' title="bbox 61 3800 1181 3889; baseline 0 -25"><span class='ocrx_word' id='word_1_342' title='bbox 61 3800 267 3886; x_wconf 80' lang='lat' dir='ltr'><strong>‘Plerumque</strong></span> <span class='ocrx_word' id='word_1_343' title='bbox 297 3804 399 3889; x_wconf 84' lang='lat' dir='ltr'><strong>quieti</strong></span> <span class='ocrx_word' id='word_1_344' title='bbox 420 3810 514 3886; x_wconf 85' lang='lat' dir='ltr'><strong>atque</strong></span> <span class='ocrx_word' id='word_1_345' title='bbox 536 3802 725 3866; x_wconf 78' lang='lat' dir='ltr'><strong>inconcussi</strong></span> <span class='ocrx_word' id='word_1_346' title='bbox 745 3800 974 3886; x_wconf 76' lang='lat' dir='ltr'><strong>relinquimur,</strong></span> <span class='ocrx_word' id='word_1_347' title='bbox 997 3800 1027 3862; x_wconf 89' lang='lat' dir='ltr'><strong>si</strong></span> <span class='ocrx_word' id='word_1_348' title='bbox 1049 3800 1181 3864; x_wconf 85' lang='lat' dir='ltr'><strong>obviare</strong></span> 
     </span>
     <span class='ocr_line' id='line_1_42' title="bbox 56 3885 1181 3970; baseline 0.001 -23"><span class='ocrx_word' id='word_1_349' title='bbox 56 3887 180 3970; x_wconf 78' lang='lat' dir='ltr'><strong>prauis</strong></span> <span class='ocrx_word' id='word_1_350' title='bbox 199 3908 263 3969; x_wconf 82' lang='lat' dir='ltr'><strong>pro</strong></span> <span class='ocrx_word' id='word_1_351' title='bbox 285 3889 416 3952; x_wconf 81' lang='lat' dir='ltr'><strong>iustitia</strong></span> <span class='ocrx_word' id='word_1_352' title='bbox 433 3908 500 3949; x_wconf 90' lang='lat' dir='ltr'><strong>non</strong></span> <span class='ocrx_word' id='word_1_353' title='bbox 519 3908 691 3966; x_wconf 84' lang='lat' dir='ltr'><strong>curamus,</strong></span> <span class='ocrx_word' id='word_1_354' title='bbox 713 3885 769 3949; x_wconf 84' lang='lat' dir='ltr'><strong>sed</strong></span> <span class='ocrx_word' id='word_1_355' title='bbox 784 3908 856 3948; x_wconf 84' lang='lat' dir='ltr'><strong>cum</strong></span> <span class='ocrx_word' id='word_1_356' title='bbox 871 3885 915 3948; x_wconf 86' lang='lat' dir='ltr'><strong>ad</strong></span> <span class='ocrx_word' id='word_1_357' title='bbox 932 3892 1082 3948; x_wconf 86' lang='lat' dir='ltr'><strong>aeternae</strong></span> <span class='ocrx_word' id='word_1_358' title='bbox 1096 3885 1181 3948; x_wconf 87' lang='lat' dir='ltr'><strong>uitae</strong></span> 
     </span>
    </p>
   </div>
   <div class='ocr_carea' id='block_1_4' title="bbox 56 4052 1184 4490">
    <p class='ocr_par' dir='ltr' id='par_1_4' title="bbox 56 4052 1184 4490">
     <span class='ocr_line' id='line_1_43' title="bbox 64 4052 1181 4122; baseline -0.004 -18"><span class='ocrx_word' id='word_1_359' title='bbox 64 4057 90 4121; x_wconf 89' lang='lat'><strong>1)</strong></span> <span class='ocrx_word' id='word_1_360' title='bbox 112 4055 154 4107; x_wconf 82' lang='lat' dir='ltr'><strong>cf.</strong></span> <span class='ocrx_word' id='word_1_361' title='bbox 172 4055 191 4108; x_wconf 90' lang='lat' dir='ltr'><strong>l.</strong></span> <span class='ocrx_word' id='word_1_362' title='bbox 205 4057 226 4118; x_wconf 94' lang='lat' dir='ltr'><strong>I,</strong></span> <span class='ocrx_word' id='word_1_363' title='bbox 243 4056 276 4105; x_wconf 82' lang='lat'><strong>12</strong></span> <span class='ocrx_word' id='word_1_364' title='bbox 297 4056 353 4119; x_wconf 87' lang='lat' dir='ltr'><strong>(ille</strong></span> <span class='ocrx_word' id='word_1_365' title='bbox 367 4054 535 4122; x_wconf 69' lang='lat' dir='ltr'><strong>prodierim</strong></span> <span class='ocrx_word' id='word_1_366' title='bbox 546 4055 676 4122; x_wconf 73' lang='lat' dir='ltr'><strong>funyitur</strong></span> <span class='ocrx_word' id='word_1_367' title='bbox 695 4054 831 4121; x_wconf 69' lang='lat' dir='ltr'><strong>legatione,</strong></span> <span class='ocrx_word' id='word_1_368' title='bbox 850 4052 897 4118; x_wconf 84' lang='lat' dir='ltr'><strong>qni</strong></span> <span class='ocrx_word' id='word_1_369' title='bbox 910 4070 962 4118; x_wconf 81' lang='lat' dir='ltr'><strong>pro</strong></span> <span class='ocrx_word' id='word_1_370' title='bbox 971 4069 1040 4117; x_wconf 84' lang='lat' dir='ltr'><strong>pace</strong></span> <span class='ocrx_word' id='word_1_371' title='bbox 1051 4058 1181 4117; x_wconf 79' lang='lat' dir='ltr'><strong>precatur</strong></span> 
     </span>
     <span class='ocr_line' id='line_1_44' title="bbox 61 4124 1179 4195; baseline -0.006 -15"><span class='ocrx_word' id='word_1_372' title='bbox 61 4127 198 4194; x_wconf 82' lang='lat' dir='ltr'><strong>ecclesiae)</strong></span> <span class='ocrx_word' id='word_1_373' title='bbox 220 4135 247 4179; x_wconf 86' lang='lat' dir='ltr'><strong>et</strong></span> <span class='ocrx_word' id='word_1_374' title='bbox 266 4130 304 4191; x_wconf 89' lang='lat'><strong>11,</strong></span> <span class='ocrx_word' id='word_1_375' title='bbox 325 4146 350 4182; x_wconf 75' lang='lat' dir='ltr'><strong>c,</strong></span> <span class='ocrx_word' id='word_1_376' title='bbox 372 4127 405 4180; x_wconf 90' lang='grc'><strong>13</strong></span> <span class='ocrx_word' id='word_1_377' title='bbox 426 4128 511 4195; x_wconf 71' lang='lat' dir='ltr'><strong>(quo</strong></span> <span class='ocrx_word' id='word_1_378' title='bbox 530 4127 625 4180; x_wconf 84' lang='lat' dir='ltr'><strong>Petrus</strong></span> <span class='ocrx_word' id='word_1_379' title='bbox 643 4129 763 4179; x_wconf 83' lang='lat' dir='ltr'><strong>nondum</strong></span> <span class='ocrx_word' id='word_1_380' title='bbox 785 4125 931 4194; x_wconf 70' lang='lat' dir='ltr'><strong>intelligens</strong></span> <span class='ocrx_word' id='word_1_381' title='bbox 951 4142 1020 4190; x_wconf 84' lang='lat' dir='ltr'><strong>quae</strong></span> <span class='ocrx_word' id='word_1_382' title='bbox 1038 4124 1091 4176; x_wconf 89' lang='lat' dir='ltr'><strong>Dei</strong></span> <span class='ocrx_word' id='word_1_383' title='bbox 1109 4131 1179 4186; x_wconf 78' lang='lat' dir='ltr'><strong>sunt,</strong></span> 
     </span>
     <span class='ocr_line' id='line_1_45' title="bbox 56 4198 1180 4269; baseline -0.007 -16"><span class='ocrx_word' id='word_1_384' title='bbox 56 4209 152 4268; x_wconf 79' lang='lat' dir='ltr'><strong>portat</strong></span> <span class='ocrx_word' id='word_1_385' title='bbox 173 4201 318 4269; x_wconf 65' lang='lat' dir='ltr'><strong>cladium).</strong></span> <span class='ocrx_word' id='word_1_386' title='bbox 393 4204 421 4268; x_wconf 78' lang='lat'><strong>2)</strong></span> <span class='ocrx_word' id='word_1_387' title='bbox 442 4201 566 4267; x_wconf 82' lang='lat' dir='ltr'><strong>Gregorii</strong></span> <span class='ocrx_word' id='word_1_388' title='bbox 590 4204 680 4268; x_wconf 88' lang='lat' dir='ltr'><strong>Opera</strong></span> <span class='ocrx_word' id='word_1_389' title='bbox 698 4202 736 4265; x_wconf 90' lang='lat'><strong>11,</strong></span> <span class='ocrx_word' id='word_1_390' title='bbox 756 4218 783 4267; x_wconf 90' lang='lat' dir='ltr'><strong>p.</strong></span> <span class='ocrx_word' id='word_1_391' title='bbox 804 4201 866 4251; x_wconf 85' lang='grc'><strong>664.</strong></span> <span class='ocrx_word' id='word_1_392' title='bbox 942 4199 971 4265; x_wconf 88' lang='grc'><strong>3)</strong></span> <span class='ocrx_word' id='word_1_393' title='bbox 990 4198 1135 4264; x_wconf 81' lang='lat' dir='ltr'><strong>Augustini</strong></span> <span class='ocrx_word' id='word_1_394' title='bbox 1153 4199 1180 4246; x_wconf 88' lang='lat' dir='ltr'><strong>in</strong></span> 
     </span>
     <span class='ocr_line' id='line_1_46' title="bbox 60 4271 1180 4343; baseline -0.008 -15"><span class='ocrx_word' id='word_1_395' title='bbox 60 4277 191 4328; x_wconf 84' lang='lat' dir='ltr'><strong>Iohannis</strong></span> <span class='ocrx_word' id='word_1_396' title='bbox 211 4292 307 4341; x_wconf 84' lang='lat' dir='ltr'><strong>eunng.</strong></span> <span class='ocrx_word' id='word_1_397' title='bbox 329 4293 353 4327; x_wconf 91' lang='lat' dir='ltr'><strong>c.</strong></span> <span class='ocrx_word' id='word_1_398' title='bbox 374 4278 398 4337; x_wconf 92' lang='lat'><strong>1,</strong></span> <span class='ocrx_word' id='word_1_399' title='bbox 417 4283 495 4328; x_wconf 85' lang='lat' dir='ltr'><strong>tract.</strong></span> <span class='ocrx_word' id='word_1_400' title='bbox 519 4277 552 4336; x_wconf 82' lang='lat' dir='ltr'><strong>V,</strong></span> <span class='ocrx_word' id='word_1_401' title='bbox 569 4277 659 4343; x_wconf 81' lang='lat' dir='ltr'><strong>Opera</strong></span> <span class='ocrx_word' id='word_1_402' title='bbox 676 4275 729 4342; x_wconf 87' lang='lat'><strong>111,</strong></span> <span class='ocrx_word' id='word_1_403' title='bbox 750 4275 775 4339; x_wconf 79' lang='lat'><strong>2,</strong></span> <span class='ocrx_word' id='word_1_404' title='bbox 795 4292 822 4340; x_wconf 86' lang='lat' dir='ltr'><strong>p.</strong></span> <span class='ocrx_word' id='word_1_405' title='bbox 842 4271 904 4324; x_wconf 80' lang='lat'><strong>325.</strong></span> <span class='ocrx_word' id='word_1_406' title='bbox 1015 4273 1043 4336; x_wconf 81' lang='lat'><strong>4)</strong></span> <span class='ocrx_word' id='word_1_407' title='bbox 1061 4272 1180 4320; x_wconf 86' lang='lat' dir='ltr'><strong>Decreta</strong></span> 
     </span>
     <span class='ocr_line' id='line_1_47' title="bbox 61 4344 1179 4416; baseline -0.008 -15"><span class='ocrx_word' id='word_1_408' title='bbox 61 4351 176 4401; x_wconf 83' lang='lat' dir='ltr'><strong>Damasi</strong></span> <span class='ocrx_word' id='word_1_409' title='bbox 195 4366 292 4416; x_wconf 83' lang='lat' dir='ltr'><strong>papae,</strong></span> <span class='ocrx_word' id='word_1_410' title='bbox 312 4350 458 4401; x_wconf 88' lang='lat' dir='ltr'><strong>Hinschius</strong></span> <span class='ocrx_word' id='word_1_411' title='bbox 482 4367 509 4416; x_wconf 90' lang='lat' dir='ltr'><strong>p.</strong></span> <span class='ocrx_word' id='word_1_412' title='bbox 529 4347 591 4400; x_wconf 78' lang='lat'><strong>508.</strong></span> <span class='ocrx_word' id='word_1_413' title='bbox 666 4348 694 4412; x_wconf 80' lang='grc' dir='ltr'><strong>ὃ)</strong></span> <span class='ocrx_word' id='word_1_414' title='bbox 718 4349 837 4398; x_wconf 81' lang='lat' dir='ltr'><strong>Decreta</strong></span> <span class='ocrx_word' id='word_1_415' title='bbox 855 4347 954 4397; x_wconf 87' lang='lat' dir='ltr'><strong>Leonis</strong></span> <span class='ocrx_word' id='word_1_416' title='bbox 979 4346 1014 4395; x_wconf 89' lang='lat' dir='ltr'><strong>ad</strong></span> <span class='ocrx_word' id='word_1_417' title='bbox 1033 4344 1179 4406; x_wconf 87' lang='lat' dir='ltr'><strong>Turibium,</strong></span> 
     </span>
     <span class='ocr_line' id='line_1_48' title="bbox 60 4415 1184 4490; baseline -0.007 -16"><span class='ocrx_word' id='word_1_418' title='bbox 60 4423 211 4475; x_wconf 80' lang='lat' dir='ltr'><strong>Hinsclrius</strong></span> <span class='ocrx_word' id='word_1_419' title='bbox 231 4440 256 4490; x_wconf 90' lang='lat' dir='ltr'><strong>p.</strong></span> <span class='ocrx_word' id='word_1_420' title='bbox 277 4422 340 4473; x_wconf 77' lang='lat'>595.</span> <span class='ocrx_word' id='word_1_421' title='bbox 418 4420 447 4489; x_wconf 83' lang='lat'><strong>6)</strong></span> <span class='ocrx_word' id='word_1_422' title='bbox 468 4421 591 4488; x_wconf 82' lang='lat' dir='ltr'><strong>Gregorii</strong></span> <span class='ocrx_word' id='word_1_423' title='bbox 609 4419 724 4471; x_wconf 86' lang='lat' dir='ltr'><strong>Moralia</strong></span> <span class='ocrx_word' id='word_1_424' title='bbox 743 4419 881 4483; x_wconf 85' lang='lat' dir='ltr'><strong>1.xxx1,</strong></span> <span class='ocrx_word' id='word_1_425' title='bbox 901 4419 992 4484; x_wconf 89' lang='lat' dir='ltr'><strong>Opera</strong></span> <span class='ocrx_word' id='word_1_426' title='bbox 1010 4417 1035 4480; x_wconf 83' lang='lat'><strong>1,</strong></span> <span class='ocrx_word' id='word_1_427' title='bbox 1052 4433 1080 4482; x_wconf 83' lang='lat' dir='ltr'><strong>p.</strong></span> <span class='ocrx_word' id='word_1_428' title='bbox 1099 4415 1184 4466; x_wconf 58' lang='lat'>1023„</span> 
     </span>
    </p>
   </div>
   <div class='ocr_carea' id='block_1_5' title="bbox 0 0 1410 4830">
    <p class='ocr_par' dir='ltr' id='par_1_5' title="bbox 0 0 1410 4830">
     <span class='ocr_line' id='line_1_49' title="bbox 0 0 1410 4830; baseline 0 0"><span class='ocrx_word' id='word_1_429' title='bbox 0 0 1410 4830; x_wconf 95' lang='lat' dir='ltr'><strong> </strong></span> 
     </span>
    </p>
   </div>
  </div>
 </body>
</html>
