2804 4830
255 363 306 414 Dc
326 363 484 414 UNITATE
503 362 706 415 accursus:
725 362 1002 416 consumunt.
1154 365 1189 416 ts

66 553 127 598 eos
157 532 213 617 qui
242 529 398 596 eiusmodi
419 543 495 596 sunt
520 530 697 617 periurium
718 540 815 617 atqua
836 531 982 617 perfidia,
1007 543 1054 614 ut,
1075 531 1188 598 hereti-

67 637 183 681 corum
210 613 305 679 simul
333 612 626 712 catholicorumque
655 614 854 679 confessione
879 617 1043 700 permista,
1070 627 1189 682 cuncta

66 721 167 765 verae
194 709 227 764 et
253 720 409 784 syncerae
440 697 498 763 reli
521 699 605 764 ionis
638 699 703 762 sint
733 698 871 781 turbata,
904 699 1022 764 catholi
1084 723 1124 766 ue
1156 712 1190 765 et

67 783 250 871 apostolica
280 784 405 870 puritas
440 804 478 847 co
515 806 583 848 usa.
634 784 759 847 Periuri
794 785 917 869 quippe
952 721 1122 870 patrididis
1157 798 1191 850 et

67 867 248 933 matricidis
269 869 477 953 caeterisque,
499 870 555 954 qui
576 889 641 931 non
662 867 873 952 possidebunt
892 890 1029 953 ragnum
1050 869 1125 951 Dei,
1147 871 1190 935 ab

67 950 217 1039 apostolo
232 963 469 1038 comparantur,
491 973 587 1037 quam
609 951 734 1016 scilicet
754 952 946 1017 sententiam
968 952 1075 1017 nullus
1088 953 1347 1027 homi-armam.

63 1059 148 1105 num
181 1058 277 1122 posse
309 1034 433 1101 solvere
464 1035 638 1123 probatur,
666 1037 805 1122 ideoque
833 1036 948 1099 maiori
974 1036 1190 1102 damnationis

67 1122 229 1188 sententia
242 1120 389 1206 episcopi
409 1119 627 1202 involvuntur,
649 1143 714 1219 <pua
734 1120 855 1205 periuri
870 1141 940 1184 esse
955 1119 1189 1203 declarenturt,

69 1205 127 1294 qui
147 1204 321 1291 praecipue
343 1227 385 1268 ex
406 1204 557 1269 mandato
579 1205 713 1269 Dommi
733 1226 792 1289 per
814 1202 1016 1289 euangelium
1039 1205 1135 1270 simul
1157 1219 1191 1272 et

69 1312 113 1355 ex
128 1290 302 1354 constituto
317 1310 478 1354 canonum
492 1291 599 1353 iurare
613 1288 834 1374 prohibentur.
860 1289 1053 1355 Iuraverant
1067 1291 1188 1390 quippe

67 1372 235 1440 Henricho
264 1374 335 1459 regi
363 1395 474 1438 omnes
503 1375 713 1459 suprascripti
740 1373 884 1458 episcopi
911 1372 1035 1460 absque
1061 1374 1110 1438 h1s
1133 1377 1189 1460 qui

68 1479 113 1524 ex
134 1458 305 1524 occasione
327 1455 403 1523 belli
425 1456 578 1523 Saxonici
597 1458 716 1523 furtive
738 1469 813 1522 sunt
834 1457 1023 1541 introducti3
1053 1480 1188 1545 quorum

67 1541 240 1630 perfidiam
260 1551 293 1607 et
306 1540 434 1608 hereses
455 1552 552 1629 atque
567 1544 719 1607 scismata
739 1542 767 1606 si
782 1542 854 1628 quis
869 1541 1040 1627 diligenter
1054 1542 1191 1608 attendit

69 1636 103 1692 et
129 1626 263 1692 discutit
288 1647 348 1712 per
376 1624 513 1710 singula,
539 1629 716 1713 perspiciet
737 1648 825 1708 sane,
845 1648 1010 1712 nunquam
1034 1625 1075 1692 ab
1097 1629 1190 1693 initio

67 1711 232 1776 nascentis
253 1709 409 1776 ecclesiae
432 1720 481 1775 tot
500 1720 534 1776 et
553 1721 643 1776 tanta
663 1711 747 1774 sicut
768 1732 854 1774 nunc
875 1722 949 1776 sunt
969 1711 1069 1776 tuisse
1099 1734 1190 1777 scan-

68 1794 216 1861 dalorum
237 1816 367 1879 genera,
389 1816 526 1882 quorum
549 1817 624 1858 cum
646 1818 745 1881 supra
758 1794 935 1858 dixerimus
957 1795 1076 1882 aliqua,
1097 1796 1191 1882 plura

67 1879 177 1946 adhuc
205 1877 361 1962 dicemus,
387 1900 469 1965 quae
497 1901 556 1964 per
576 1879 719 1965 singulos
740 1877 812 1943 illos
837 1879 1134 1966 pseudoepiscopos
1155 1882 1189 1944 in

67 1962 207 2030 ecclesia
231 1962 296 2028 sint
321 1971 424 2049 gesta,
454 1983 528 2027 cum
555 1985 594 2027 ea
623 1985 705 2050 quae
737 1964 895 2048 gesserint
927 1965 960 2026 in
993 1986 1027 2029 re
1083 1963 1189 2029 ublica

67 2049 133 2114 sint
160 2046 312 2112 omnibus
341 2047 520 2111 manifesta.
564 2046 655 2111 Sicut
683 2047 768 2111 enim
795 2069 974 2133 perunum
995 1987 1188 2114 scridantem

67 2155 183 2199 eorum
204 2131 347 2196 omnium
368 2129 500 2216 vulgata
520 2132 731 2216 transgressio
746 2141 803 2213 est,
828 2132 884 2216 qui
905 2132 940 2195 in
961 2133 1097 2197 eandem
1112 2134 1188 2198 scis·

67 2217 164 2282 matis
186 2224 220 2280 at
242 2238 284 2280 ue
305 2215 459 2301 perfidiae
480 2216 662 2281 reciderant
675 2215 834 2280 actionem
849 2214 1071 2301 amplectendo
1086 2239 1117 2280 m
1161 2218 1189 2281 is

67 2311 166 2389 atque
181 2239 381 2365 dedendendo
402 2300 454 2364 sui
470 2299 620 2400 Gregorii
638 2312 763 2385 partem
785 2321 883 2387 quam
899 2299 1072 2366 catholicae
1088 2323 1144 2366 ecc
1158 2324 1189 2367 e-

67 2386 135 2452 siae
164 2384 420 2466 universitatem,
449 2385 497 2448 sic
522 2407 557 2448 1n
584 2405 648 2448 uno
671 2383 858 2471 eodemque,
881 2386 937 2471 qui
951 2407 1017 2533 pro
1040 2385 1189 2450 omnibus

67 2470 245 2556 scripserat
254 2467 307 2532 vel
321 2468 493 2533 scribendo
509 2469 652 2533 omnium
662 2468 842 2534 voluntates
856 2468 949 2618 prodi
974 2478 1051 2553 erat,
1063 2479 1189 2554 cuncta,

67 2576 153 2642 quae
181 2552 224 2617 ad
252 2552 399 2617 notitiam
428 2575 534 2617 rerum
562 2552 639 2617 satis
665 2552 794 2618 abunde
821 2554 855 2617 iu
879 2554 1003 2619 icamus
1030 2555 1188 2634 sufficere,

67 2638 237 2704 studemus
257 2635 394 2702 fideliter
414 2659 455 2701 ex
480 2658 587 2708 onere,

152 2723 206 2787 21.
248 2722 357 2785 Primo
386 2721 442 2806 qui
466 2742 518 2784 em
546 2718 719 2787 dicendum
749 2730 807 2803 est,
837 2722 923 2807 quod
952 2724 1021 2788 aine
1048 2723 1187 2788 lacrimis
1199 2740 1283 2797 (χιιι)

68 2804 135 2871 dici
155 2827 223 2870 non
245 2812 381 2891 oportet,
404 2805 479 2891 quia
500 2817 602 2871 mater
623 2813 742 2885 nostra,
767 2815 879 2869 sancta
900 2806 1023 2872 scilicet
1044 2808 1189 2872 Romana

67 2890 217 2970 ecclesia,
247 2890 281 2952 in
307 2897 428 2953 tantam
450 2887 688 2975 despectionem
714 2887 802 2972 apud
823 2888 979 2954 adversae
1000 2893 1101 2977 partis
1123 2893 1189 2978 epi-

67 2995 185 3060 scopos
199 2975 297 3055 venit,
318 2983 364 3056 ut,
386 2972 470 3037 sicut
490 2974 524 3037 in
545 2973 690 3038 Romana
711 2970 894 3056 republica
915 2995 981 3037 non
1001 2984 1109 3061 potest
1130 2999 1188 3040 rex

67 3068 124 3124 aut
152 3059 328 3144 imperator
356 3078 438 3138 esse,
467 3058 532 3121 nisi
561 3079 657 3142 quem
681 3054 781 3119 iidem
802 3057 864 3141 ipsi
887 3057 995 3138 velint,
1018 3060 1084 3145 qui,
1106 3061 1190 3125 sicut

68 3141 238 3208 Gelasius¹
273 3141 489 3228 conqueritur,
521 3155 579 3209 sedi
611 3154 770 3222 apostolicae
796 3162 953 3220 potestatem
979 3156 1115 3221 primatus
1146 3158 1190 3208 sui

50 3239 203 3286 conantur
233 3230 334 3298 eripere
369 3237 394 3283 et
424 3230 526 3283 sibimet
560 3246 618 3282 eam
650 3234 742 3280 contra
774 3245 888 3280 canones
920 3229 1080 3280 contendunt
1111 3248 1188 3280 asar-

62 3331 142 3382 pare.
185 3298 281 3364 Unda
308 3298 405 3364 etiam
434 3297 564 3386 quidam
586 3296 713 3360 infamis
735 3317 908 3381 personae,
937 3297 991 3381 qui
1013 3296 1133 3379 scribit,
1155 3320 1189 3362 se

67 3403 208 3469 suosque
239 3391 364 3470 partam
396 3383 447 3446 sui
476 3381 627 3468 Gregorii
658 3380 840 3460 defendere,
873 3381 1050 3465 praesumit
1079 3392 1190 3446 contra

68 3477 181 3532 sancta
221 3475 403 3532 sanctorum
439 3466 528 3552 loqui
563 3475 595 3530 et
631 3464 830 3549 magnificari
865 3465 1035 3530 adversum
1071 3486 1189 3530 nomen

68 3549 246 3616 catholicae
274 3549 429 3616 ccclesiae
456 3550 530 3632 Dei,
555 3549 755 3635 praedicans,
777 3571 848 3614 eam
875 3571 944 3614 esse
971 3550 1004 3611 in
1026 3559 1117 3633 parts
1140 3550 1190 3613 sui

70 3635 232 3720 Gregorii,
264 3635 351 3722 apud
384 3634 585 3720 supradictos
623 3654 751 3720 quoque
786 3634 1082 3733 pseudoepiscopos
1118 3654 1188 3699 esse

69 3730 182 3785 sancta
197 3720 376 3785 sacerdotia
389 3717 463 3801 Dei,
485 3719 573 3805 ipsos
597 3739 637 3782 ue
652 3739 723 3782 esse
745 3717 926 3803 spirituales
947 3725 1044 3804 atque
1065 3717 1100 3780 in
1119 3739 1189 3783 cac·

68 3803 204 3870 lestibus
223 3804 405 3869 conversari
424 3811 456 3867 et
474 3824 543 3868 esse
567 3740 648 3867 111108
669 3801 743 3883 Dei,
767 3811 916 3878 caeteros>
932 3813 1038 3866 autem
1060 3823 1189 3866 excom·

70 3889 251 3954 municatos
279 3897 311 3954 et
341 3887 500 3953 hereticos
532 3896 627 3974 atque
657 3886 856 3951 scismaticos
885 3907 975 3968 esse,
1003 3885 1188 3974 quicunque

70 3971 209 4038 subiecti
233 3981 308 4037 sunt
333 3969 388 4037 vel
409 3972 648 4037 communicant
668 3970 698 4035 ei
728 3970 784 4056 qui
810 3992 874 4034 non
897 3979 945 4034 est
966 3969 999 4032 in
1020 3977 1112 4054 parte
1133 3966 1188 4033 ali·

71 4162 95 4217 ι)
112 4164 261 4206 declinarunt
277 4164 303 4214 ις
318 4163 370 4204 tons
384 4162 464 4205 camd.
480 4161 570 4203 Schera.

72 4334 99 4390 li
120 4331 224 4386 Gelasii
243 4333 323 4401 epist.
342 4345 391 4382 sau
412 4331 642 4383 commonitorium
660 4331 696 4383 ad
715 4330 859 4397 Faustum3
878 4330 967 4382 Mauri
985 4328 1063 4392 VIII,
1084 4347 1111 4398 p.
1126 4329 1170 4382 18.
