2812 4830
232 362 257 411 X
687 361 902 412 PRAEFATIO.

235 543 340 598 eustat
355 533 494 617 epistula
509 529 663 592 monaclti
681 530 853 592 cuiusdam
872 528 1128 612 Hirsaupiensis
1140 542 1217 615 post
1233 557 1360 602 aunum

236 617 327 685 1089.
351 626 465 681 contra
484 611 670 682 Clementem
683 635 811 697 papam
826 613 963 696 scripta,
985 634 1063 696 qua,
1086 638 1159 679 cum
1174 629 1253 683 esset
1268 645 1359 686 acer-

234 703 342 765 bitatis
369 701 484 784 plena,
508 696 617 782 facile
642 696 723 778 fieri
751 697 871 780 potati,
901 703 937 758 ut
966 694 1140 783 apolopiae
1169 713 1284 769 auctor
1314 709 1363 772 ad

234 786 439 850 scribendum
461 783 666 847 incitaretur.
707 781 821 863 Itaque
843 801 909 842 non
931 802 1060 844 neeesse
1083 792 1127 845 est
1151 787 1361 872 arbitremur,

235 893 307 934 eum
327 871 396 933 iam
419 866 574 953 Greporii
595 863 737 949 epistula
761 862 962 947 compulsum
985 887 1061 943 esse,
1085 876 1120 929 ut
1144 869 1359 938 adversarius

229 977 345 1039 papae
360 955 533 1018 consisteret.
564 949 708 1028 Accedit,
731 949 874 1032 quodem
892 947 961 1010 illis
982 947 1062 1012 loeis
1084 949 1204 1016 libriI.
1228 957 1269 1019 de
1284 962 1359 1022 uni-

234 1046 299 1100 tate
320 1037 393 1102 eccl.
423 1043 466 1119 (c.
490 1036 519 1099 3.
543 1035 573 1098 6.
598 1032 665 1114 12),
693 1032 811 1116 quibus
833 1054 893 1094 uos
916 1035 989 1118 copi
1010 1034 1129 1098 Enald
1146 1047 1256 1120 putat,
1285 1044 1360 1107 uiuo

235 1121 463 1185 Hildelrando
484 1119 604 1183 librum
620 1119 687 1181 scri
712 1126 779 1180 tum
802 1137 869 1179 esse
892 1124 1042 1198 statuere,
1065 1120 1151 1183 niltil
1171 1144 1211 1184 ar
1234 1129 1360 1191 umenti

232 1208 302 1289 peti
316 1214 433 1290 potest.
467 1204 557 1267 Nam
576 1202 664 1302 puod
690 1201 816 1285 epitur:
839 1198 956 1285 probet
969 1221 1055 1264 nuno
1077 1200 1129 1268 ille
1144 1147 1359 1293 Hiltiebrand,

235 1291 313 1354 iude
335 1312 402 1353 nou
425 1308 612 1352 necessario
635 1285 672 1368 ef
693 1286 788 1364 citur,
810 1285 908 1348 etiam
930 1285 1004 1348 uiuo
1028 1285 1255 1356 Hildebrando
1278 1294 1359 1358 liaeo

233 1374 330 1436 verba
361 1374 487 1458 scripta
520 1391 596 1434 esse.
667 1369 706 1432 ed
736 1377 772 1430 ut
798 1389 858 1431 nos
886 1391 1021 1453 quoque,
1052 1370 1109 1434 ubi
1135 1374 1358 1461 descriptore

235 1457 347 1542 aliquo
364 1458 433 1520 iam
455 1455 580 1518 dudum
601 1462 725 1517 mortuo
749 1451 920 1533 dicimusl,
936 1456 1110 1542 praesenti
1131 1466 1273 1542 tempore
1294 1464 1356 1526 uti-

234 1564 318 1621 mur,
340 1542 389 1604 ita
412 1541 509 1604 etiam
532 1538 570 1602 de
592 1535 833 1616 Hildebraudo,
855 1538 977 1620 quippe
1000 1539 1095 1601 cuius
1116 1564 1206 1605 meus
1230 1553 1264 1607 iu
1287 1549 1357 1629 epi-

235 1625 330 1688 stulis
346 1627 501 1709 spiraret,
523 1622 582 1696 illa
597 1619 695 1685 uerba
707 1619 816 1702 facile
838 1619 906 1682 dici
917 1629 1103 1703 potueruut.
1136 1622 1246 1697 Quid?
1269 1632 1357 1713 quod

234 1730 273 1772 ea
296 1732 362 1773 nou
385 1718 452 1771 tam
474 1705 736 1770 Hildelraudum
757 1705 867 1786 ipsum
877 1727 988 1850 paam
1011 1726 1063 1768 eos
1085 1712 1277 1793 respiciunt,
1300 1716 1359 1798 qui

237 1795 307 1856 eius
325 1801 440 1877 partes
462 1787 699 1876 sequebantur?
745 1785 840 1860 Quod
862 1789 876 1848 i
901 1809 947 1849 em
969 1788 1054 1852 ualet
1076 1791 1115 1854 de
1137 1795 1242 1857 uerbis
1267 1821 1294 1864 c.
1319 1799 1357 1861 6:

235 1875 292 1943 sed
320 1898 417 1961 saepe
446 1874 549 1938 dietus
571 1894 658 1959 papa
679 1868 882 1935 Hildebrand
904 1891 1015 1956 regem
1038 1920 1045 1936 .
1070 1922 1077 1938 .
1101 1923 1108 1938 .
1133 1921 1140 1938 .
1164 1881 1290 1962 quaerit
1312 1884 1358 1944 ita

233 1960 435 2041 inhonorare,
457 1968 494 2023 ut
514 1957 591 2024 velit
612 1967 668 2020 etc.
711 1955 800 2019 Nam
831 1957 889 2019 ltoc
918 1955 986 2018 loeo
1010 1956 1132 2022 dicitur
1153 1963 1193 2025 de
1215 1965 1358 2047 epistula

124 2086 126 2089 -
235 2045 304 2127 illa,
327 2048 423 2110 cuius
437 2046 488 2108 uis
511 2045 698 2107 etiamtum
712 2039 850 2124 vipelot,
874 2062 1072 2124 quamquam
1115 2047 1153 2108 ui
1167 2068 1238 2109 eam
1253 2052 1357 2132 scrip-

233 2140 322 2194 serat
349 2139 497 2193 mortuus
526 2135 606 2191 erat.
649 2124 773 2188 Eodem
800 2124 894 2186 modo
926 2145 966 2187 ere
990 2066 1127 2190 lisanda
1156 2140 1234 2193 sunt
1259 2135 1359 2198 verba

234 2240 260 2278 c.
283 2215 325 2278 3:
348 2213 474 2298 quaerit
494 2219 602 2274 autem
625 2229 712 2271 nunc
733 2205 849 2291 aliquis
871 2147 1060 2293 pontiicum
1088 2210 1249 2296 deponere
1270 2217 1359 2300 prin-

235 2299 341 2382 oipem
368 2295 574 2383 populorum.
621 2291 712 2366 Quae
744 2292 842 2353 uerba
871 2313 938 2354 non
968 2292 1065 2356 aliter
1090 2297 1159 2360 uisi
1179 2321 1245 2382 per
1275 2324 1356 2386 apo-

235 2381 399 2465 stroplten,
422 2403 520 2465 quam
544 2376 666 2440 Graeci
687 2383 814 2454 uocant,
837 2376 1034 2440 dictasunt.

319 2464 419 2528 Nunc
456 2463 638 2526 transimus
676 2459 722 2522 ad
762 2480 829 2521 eam
859 2468 988 2542 partem
1029 2463 1282 2548 disputationis,
1319 2471 1358 2534 iu

236 2570 302 2633 qua
329 2569 543 2631 euponamus,
576 2545 650 2690 ppis
682 2543 801 2606 librum
831 2542 869 2605 de
898 2545 1025 2607 unitate
1052 2547 1204 2612 ecclesiae
1230 2574 1360 2616 conser-

235 2633 348 2696 vanda
371 2633 549 2714 scripserit.
617 2651 632 2692 e
654 2650 721 2711 qua
742 2648 778 2688 re
801 2629 859 2710 qui
880 2629 1083 2711 scripserunt
1103 2641 1196 2696 tauta
1219 2647 1297 2698 suut
1318 2640 1357 2702 in

235 2718 393 2780 uarietate
426 2738 464 2780 oo
491 2713 704 2792 dissensione,
737 2719 773 2774 ut
806 2711 948 2774 omnium
981 2735 1091 2777 eor-am
1120 2717 1285 2783 molestum
1315 2724 1360 2785 stt

235 2801 444 2864 dinumerare
476 2797 663 2862 sententias.
707 2795 748 2858 In
778 2795 839 2857 lius
868 2797 952 2858 enim
980 2818 1016 2860 re
1043 2807 1072 2861 et
1099 2800 1157 2863 loc
1178 2803 1358 2871 uidendum

235 2893 290 2963 est,
316 2906 357 2947 ne
391 2883 478 2969 quod
506 2904 573 2945 uon
600 2882 683 2944 satis
711 2879 879 2962 euplorate
908 2884 1074 2964 copnitum
1101 2886 1144 2946 sit
1171 2895 1359 2953 statuamus

235 2969 302 3032 sive
316 2968 541 3053 defendamus,
563 2966 683 3044 atltae,
706 2986 745 3026 ne
767 2972 887 3026 conatu
909 2966 1042 3029 omnino
1064 2968 1259 3033 desistamus
1275 2995 1358 3055 per-

235 3052 313 3116 inde
342 3077 380 3116 ac
410 3054 440 3117 si
466 3054 506 3116 de
536 3052 597 3115 lrac
623 3071 658 3111 re
688 3056 838 3111 nerctram
865 3047 901 3110 in
920 3059 1051 3131 partem
1077 3055 1157 3116 certi
1178 3057 1357 3140 quicquam

236 3139 392 3202 constitui
415 3138 533 3221 possit.
580 3134 744 3197 Huttenus
770 3132 809 3194 de
835 3133 995 3220 scriptore
1024 3135 1197 3235 apolopiae
1223 3149 1359 3204 nostrae

236 3221 284 3287 nil
312 3222 476 3287 diiudicat
504 3229 533 3282 et
562 3217 741 3304 peneratim
770 3224 865 3299 atque
890 3217 1041 3281 universe
1063 3220 1181 3284 dieut²:
1214 3223 1359 3288 ‘Euiluit

236 3307 403 3390 confestim
423 3306 476 3370 lie
499 3303 649 3388 quisquis
659 3297 743 3383 fuit,
766 3307 847 3362 certe
869 3298 973 3363 malus
995 3325 1061 3366 esse
1083 3327 1149 3367 uon
1166 3309 1280 3390 potuit
1298 3311 1360 3393 qui

236 3393 282 3454 sic
305 3391 449 3473 scripsit,
472 3385 588 3450 enituit
609 3393 637 3447 et
652 3383 808 3466 optimam
823 3405 958 3448 eausam
982 3388 1099 3469 optime
1119 3391 1206 3452 tueri
1221 3413 1358 3476 appres-

235 3497 291 3537 sus
320 3475 384 3537 est'.
427 3473 603 3555 Postquam
630 3470 726 3531 etiam
755 3468 944 3531 nouissimis
971 3472 1170 3553 temporibus
1203 3476 1360 3541 nonnulli

236 3559 275 3622 de
298 3557 361 3621 liae
389 3556 578 3642 quaestione
606 3552 869 3634 disputauerunt,
894 3552 933 3615 id
952 3556 1094 3618 manime
1116 3578 1183 3620 rem
1204 3581 1358 3624 causam·

236 3663 297 3724 que
329 3643 480 3720 eontinet,
510 3646 620 3701 utrum
648 3632 866 3699 Waltramus³
889 3638 1063 3720 episeopus
1092 3639 1358 3728 Numburpeusis

237 3724 425 3810 apolopiam
457 3722 627 3805 scripserit
656 3743 701 3782 an
730 3718 909 3782 monachus
943 3722 1078 3804 quidum
1111 3724 1361 3793 Hersveldeusis

237 3810 332 3874 euius
348 3832 462 3873 nomen
480 3807 635 3872 constitui
656 3826 723 3868 nou
732 3803 849 3887 possit,
872 3801 922 3867 uel
930 3807 1055 3887 potius,
1071 3814 1182 3871 utrum
1197 3812 1227 3873 is
1242 3834 1355 3876 mona·

238 3980 265 4044 1)
285 3981 321 4030 Et
339 3981 397 4047 ipse
421 3980 572 4031 auctorita
590 3977 690 4042 ubique
709 3975 766 4024 fers
785 3974 819 4024 de
835 3973 995 4040 Augustino,
1016 3977 1146 4044 Gregorio
1165 3980 1276 4045 Magno,
1297 3981 1360 4033 aliis

237 4053 314 4104 dixit.
390 4053 418 4118 2)
437 4052 525 4103 Praei.
545 4068 572 4118 p.
586 4050 612 4103 9.
681 4048 773 4112 ³)1ta
790 4063 888 4097 nomen
906 4050 1031 4100 scribitur
1049 4052 1118 4103 Ann.
1133 4053 1160 4104 S.
1174 4053 1262 4105 Disib.
1278 4054 1360 4121 1090,

237 4127 287 4178 SS.
306 4126 396 4187 XVII,
421 4143 447 4193 p.
468 4128 484 4176 9
504 4141 563 4192 sqq.
604 4122 659 4175 Sed
678 4123 749 4172 Anu.
769 4121 880 4185 Pegar,
906 4121 953 4172 SS.
973 4124 1046 4188 XVI,
1072 4143 1098 4191 p.
1119 4126 1181 4191 242,
1203 4142 1263 4176 eum
1283 4127 1359 4178 Wal-

235 4200 366 4250 rabanum
386 4195 613 4264 (Walrsranum),
640 4196 674 4247 G.
693 4195 831 4261 archiepp.
850 4193 953 4259 Magri„
979 4197 1027 4248 SG.
1047 4199 1121 4260 XIV,
1147 4216 1173 4265 p.
1193 4198 1256 4248 406.
1284 4201 1360 4252 Wal-

236 4272 365 4324 rsbonum
393 4276 502 4338 dicunt,
528 4275 556 4322 in
584 4269 776 4336 diplomatibus
798 4284 862 4320 vero
888 4270 1064 4322 Gualeramus
1088 4272 1134 4323 vel
1157 4272 1360 4326 Gwaleramnus

236 4347 337 4413 legitur
356 4347 490 4414 (Lepsius,
510 4341 920 4408 ι(ἱ.(1.ΒίεοῙι.ιΝειιιηὶηιινς,
939 4361 966 4410 p.
982 4345 1043 4395 235.
1059 4343 1140 4410 236);
1160 4347 1198 4395 its
1222 4351 1253 4396 ut
1273 4346 1363 4399 forma

236 4421 389 4472 walramus
408 4418 587 4488 praeferenda
606 4434 666 4469 esse
684 4415 815 4466 videatur.
854 4417 887 4468 G.
902 4418 953 4467 W.
