<?xml version="1.0" encoding="UTF-8"?>
<!DOCTYPE html PUBLIC "-//W3C//DTD XHTML 1.0 Transitional//EN"
    "http://www.w3.org/TR/xhtml1/DTD/xhtml1-transitional.dtd">
<html xmlns="http://www.w3.org/1999/xhtml" xml:lang="en" lang="en">
 <head>
  <title>
</title>
<meta http-equiv="Content-Type" content="text/html;charset=utf-8" />
  <meta name='ocr-system' content='tesseract 3.04.00' />
  <meta name='ocr-capabilities' content='ocr_page ocr_carea ocr_par ocr_line ocrx_word'/>
</head>
<body>
  <div class='ocr_page' id='page_1' title='image "./waltramiutvidet00schwgoog_0095.png"; bbox 0 0 2812 4830; ppageno 0'>
   <div class='ocr_carea' id='block_1_1' title="bbox 228 365 1163 418">
    <p class='ocr_par' dir='ltr' id='par_1_1' title="bbox 228 365 1163 418">
     <span class='ocr_line' id='line_1_1' title="bbox 228 365 1163 418; baseline -0.002 0"><span class='ocrx_word' id='word_1_1' title='bbox 228 367 262 418; x_wconf 88' lang='grc'>68</span> <span class='ocrx_word' id='word_1_2' title='bbox 410 368 460 418; x_wconf 79' lang='lat' dir='ltr'>Dli</span> <span class='ocrx_word' id='word_1_3' title='bbox 480 367 637 418; x_wconf 80' lang='lat' dir='ltr'>UNITATE</span> <span class='ocrx_word' id='word_1_4' title='bbox 657 365 862 418; x_wconf 78' lang='lat' dir='ltr'>ECGLESIAE</span> <span class='ocrx_word' id='word_1_5' title='bbox 883 365 1163 418; x_wconf 75' lang='lat' dir='ltr'>CONSERVANDA.</span> 
     </span>
    </p>
   </div>
   <div class='ocr_carea' id='block_1_2' title="bbox 67 533 1384 2589">
    <p class='ocr_par' dir='ltr' id='par_1_2' title="bbox 67 533 1384 2589">
     <span class='ocr_line' id='line_1_2' title="bbox 227 533 1345 621; baseline -0.004 -23"><span class='ocrx_word' id='word_1_6' title='bbox 227 536 255 598; x_wconf 89' lang='lat' dir='ltr'>si</span> <span class='ocrx_word' id='word_1_7' title='bbox 285 544 397 620; x_wconf 89' lang='lat' dir='ltr'>postea</span> <span class='ocrx_word' id='word_1_8' title='bbox 426 546 568 599; x_wconf 88' lang='lat' dir='ltr'>uteretur</span> <span class='ocrx_word' id='word_1_9' title='bbox 594 535 634 598; x_wconf 92' lang='lat' dir='ltr'>iis</span> <span class='ocrx_word' id='word_1_10' title='bbox 663 534 786 621; x_wconf 89' lang='lat' dir='ltr'>absque</span> <span class='ocrx_word' id='word_1_11' title='bbox 812 535 942 599; x_wconf 89' lang='lat' dir='ltr'>licentia</span> <span class='ocrx_word' id='word_1_12' title='bbox 968 535 1027 615; x_wconf 87' lang='lat' dir='ltr'>sui,</span> <span class='ocrx_word' id='word_1_13' title='bbox 1061 534 1127 597; x_wconf 90' lang='lat' dir='ltr'>iam</span> <span class='ocrx_word' id='word_1_14' title='bbox 1155 541 1242 597; x_wconf 89' lang='lat' dir='ltr'>esset</span> <span class='ocrx_word' id='word_1_15' title='bbox 1268 533 1345 597; x_wconf 90' lang='lat' dir='ltr'>iusta</span> 
     </span>
     <span class='ocr_line' id='line_1_3' title="bbox 229 617 1384 705; baseline -0.003 -22"><span class='ocrx_word' id='word_1_16' title='bbox 229 619 355 683; x_wconf 82' lang='lat' dir='ltr'>occasio</span> <span class='ocrx_word' id='word_1_17' title='bbox 383 618 557 682; x_wconf 91' lang='lat' dir='ltr'>damnandi</span> <span class='ocrx_word' id='word_1_18' title='bbox 584 620 704 704; x_wconf 88' lang='lat' dir='ltr'>pariter</span> <span class='ocrx_word' id='word_1_19' title='bbox 730 628 762 684; x_wconf 89' lang='lat' dir='ltr'>et</span> <span class='ocrx_word' id='word_1_20' title='bbox 784 617 966 705; x_wconf 89' lang='lat' dir='ltr'>deponendi</span> <span class='ocrx_word' id='word_1_21' title='bbox 988 639 1071 696; x_wconf 93' lang='lat' dir='ltr'>eum,</span> <span class='ocrx_word' id='word_1_22' title='bbox 1095 617 1228 705; x_wconf 90' lang='lat' dir='ltr'>quando</span> <span class='ocrx_word' id='word_1_23' title='bbox 1251 625 1345 680; x_wconf 89' lang='lat' dir='ltr'>trans·</span> <span class='ocrx_word' id='word_1_24' title='bbox 1382 664 1384 669; x_wconf 83' lang='lat'>.</span> 
     </span>
     <span class='ocr_line' id='line_1_4' title="bbox 226 701 1345 789; baseline -0.001 -24"><span class='ocrx_word' id='word_1_25' title='bbox 226 724 357 788; x_wconf 85' lang='lat' dir='ltr'>gressus</span> <span class='ocrx_word' id='word_1_26' title='bbox 384 702 496 766; x_wconf 87' lang='lat' dir='ltr'>fuisset</span> <span class='ocrx_word' id='word_1_27' title='bbox 524 703 694 788; x_wconf 81' lang='lat' dir='ltr'>impositae</span> <span class='ocrx_word' id='word_1_28' title='bbox 720 702 801 789; x_wconf 87' lang='lat' dir='ltr'>legis</span> <span class='ocrx_word' id='word_1_29' title='bbox 824 725 901 767; x_wconf 89' lang='lat' dir='ltr'>suae</span> <span class='ocrx_word' id='word_1_30' title='bbox 923 701 1121 766; x_wconf 86' lang='lat' dir='ltr'>mandatum.</span> <span class='ocrx_word' id='word_1_31' title='bbox 1166 702 1254 765; x_wconf 82' lang='lat' dir='ltr'>Tum</span> <span class='ocrx_word' id='word_1_32' title='bbox 1274 722 1345 765; x_wconf 81' lang='lat' dir='ltr'>vcro</span> 
     </span>
     <span class='ocr_line' id='line_1_5' title="bbox 228 784 1346 872; baseline -0.002 -22"><span class='ocrx_word' id='word_1_33' title='bbox 228 786 349 851; x_wconf 89' lang='lat' dir='ltr'>electus</span> <span class='ocrx_word' id='word_1_34' title='bbox 377 786 482 850; x_wconf 88' lang='lat' dir='ltr'>fuerat</span> <span class='ocrx_word' id='word_1_35' title='bbox 510 796 543 851; x_wconf 88' lang='lat' dir='ltr'>et</span> <span class='ocrx_word' id='word_1_36' title='bbox 569 788 733 851; x_wconf 89' lang='lat' dir='ltr'>ordinatus</span> <span class='ocrx_word' id='word_1_37' title='bbox 763 789 797 851; x_wconf 94' lang='lat' dir='ltr'>in</span> <span class='ocrx_word' id='word_1_38' title='bbox 823 809 933 872; x_wconf 83' lang='lat' dir='ltr'>regem</span> <span class='ocrx_word' id='word_1_39' title='bbox 958 784 1115 850; x_wconf 85' lang='lat' dir='ltr'>Rudolfus</span> <span class='ocrx_word' id='word_1_40' title='bbox 1145 787 1241 849; x_wconf 85' lang='lat' dir='ltr'>iuxta</span> <span class='ocrx_word' id='word_1_41' title='bbox 1266 784 1346 871; x_wconf 91' lang='lat' dir='ltr'>quod</span> 
     </span>
     <span class='ocr_line' id='line_1_6' title="bbox 228 869 1345 956; baseline 0 -22"><span class='ocrx_word' id='word_1_42' title='bbox 228 871 350 935; x_wconf 91' lang='lat' dir='ltr'>dictum</span> <span class='ocrx_word' id='word_1_43' title='bbox 373 881 421 936; x_wconf 89' lang='lat' dir='ltr'>est</span> <span class='ocrx_word' id='word_1_44' title='bbox 443 883 568 956; x_wconf 81' lang='lat' dir='ltr'>supra1,</span> <span class='ocrx_word' id='word_1_45' title='bbox 591 882 718 936; x_wconf 87' lang='lat' dir='ltr'>etcum</span> <span class='ocrx_word' id='word_1_46' title='bbox 741 870 821 936; x_wconf 89' lang='lat' dir='ltr'>haec</span> <span class='ocrx_word' id='word_1_47' title='bbox 842 872 926 934; x_wconf 89' lang='lat' dir='ltr'>facta</span> <span class='ocrx_word' id='word_1_48' title='bbox 953 872 1015 934; x_wconf 92' lang='lat' dir='ltr'>sint</span> <span class='ocrx_word' id='word_1_49' title='bbox 1043 892 1086 934; x_wconf 87' lang='lat' dir='ltr'>cx</span> <span class='ocrx_word' id='word_1_50' title='bbox 1113 871 1219 954; x_wconf 92' lang='lat' dir='ltr'>ipsius</span> <span class='ocrx_word' id='word_1_51' title='bbox 1242 869 1345 934; x_wconf 90' lang='lat' dir='ltr'>Hilde-</span> 
     </span>
     <span class='ocr_line' id='line_1_7' title="bbox 228 953 1346 1040; baseline 0 -22"><span class='ocrx_word' id='word_1_52' title='bbox 228 953 344 1018; x_wconf 86' lang='lat' dir='ltr'>brandi</span> <span class='ocrx_word' id='word_1_53' title='bbox 361 957 528 1036; x_wconf 87' lang='lat' dir='ltr'>sententia,</span> <span class='ocrx_word' id='word_1_54' title='bbox 549 956 685 1040; x_wconf 90' lang='lat' dir='ltr'>proinde</span> <span class='ocrx_word' id='word_1_55' title='bbox 699 957 768 1040; x_wconf 84' lang='lat' dir='ltr'>regi</span> <span class='ocrx_word' id='word_1_56' title='bbox 784 954 949 1020; x_wconf 90' lang='lat' dir='ltr'>Henricho</span> <span class='ocrx_word' id='word_1_57' title='bbox 971 962 1028 1018; x_wconf 90' lang='lat' dir='ltr'>aut</span> <span class='ocrx_word' id='word_1_58' title='bbox 1041 953 1240 1018; x_wconf 86' lang='lat' dir='ltr'>resumenda</span> <span class='ocrx_word' id='word_1_59' title='bbox 1262 963 1346 1018; x_wconf 88' lang='lat' dir='ltr'>erant</span> 
     </span>
     <span class='ocr_line' id='line_1_8' title="bbox 228 1038 1345 1125; baseline 0.001 -23"><span class='ocrx_word' id='word_1_60' title='bbox 228 1060 266 1102; x_wconf 85' lang='lat' dir='ltr'>ea</span> <span class='ocrx_word' id='word_1_61' title='bbox 296 1060 388 1125; x_wconf 84' lang='lat' dir='ltr'>quae¹</span> <span class='ocrx_word' id='word_1_62' title='bbox 407 1043 537 1124; x_wconf 88' lang='lat' dir='ltr'>proprie</span> <span class='ocrx_word' id='word_1_63' title='bbox 564 1062 678 1125; x_wconf 86' lang='lat' dir='ltr'>regum</span> <span class='ocrx_word' id='word_1_64' title='bbox 707 1049 781 1104; x_wconf 90' lang='lat' dir='ltr'>sunt</span> <span class='ocrx_word' id='word_1_65' title='bbox 808 1038 930 1124; x_wconf 85' lang='lat' dir='ltr'>regalia</span> <span class='ocrx_word' id='word_1_66' title='bbox 951 1048 1151 1121; x_wconf 88' lang='lat' dir='ltr'>ornamenta,</span> <span class='ocrx_word' id='word_1_67' title='bbox 1178 1046 1238 1102; x_wconf 87' lang='lat' dir='ltr'>aut</span> <span class='ocrx_word' id='word_1_68' title='bbox 1267 1048 1345 1103; x_wconf 82' lang='lat' dir='ltr'>certe</span> 
     </span>
     <span class='ocr_line' id='line_1_9' title="bbox 228 1121 1345 1209; baseline 0.001 -23"><span class='ocrx_word' id='word_1_69' title='bbox 228 1122 403 1188; x_wconf 88' lang='lat' dir='ltr'>amittenda</span> <span class='ocrx_word' id='word_1_70' title='bbox 425 1134 494 1189; x_wconf 88' lang='lat' dir='ltr'>erat</span> <span class='ocrx_word' id='word_1_71' title='bbox 507 1124 597 1207; x_wconf 85' lang='lat' dir='ltr'>regia</span> <span class='ocrx_word' id='word_1_72' title='bbox 611 1133 763 1209; x_wconf 86' lang='lat' dir='ltr'>potestas,</span> <span class='ocrx_word' id='word_1_73' title='bbox 809 1145 883 1187; x_wconf 88' lang='lat' dir='ltr'>uam</span> <span class='ocrx_word' id='word_1_74' title='bbox 898 1133 1068 1207; x_wconf 87' lang='lat' dir='ltr'>acceperat</span> <span class='ocrx_word' id='word_1_75' title='bbox 1090 1146 1133 1186; x_wconf 87' lang='lat' dir='ltr'>ex</span> <span class='ocrx_word' id='word_1_76' title='bbox 1149 1121 1345 1187; x_wconf 88' lang='lat' dir='ltr'>ordinatione</span> 
     </span>
     <span class='ocr_line' id='line_1_10' title="bbox 228 1145 1344 1293; baseline -0.002 -22"><span class='ocrx_word' id='word_1_77' title='bbox 228 1206 346 1273; x_wconf 84' lang='lat' dir='ltr'>divina.</span> <span class='ocrx_word' id='word_1_78' title='bbox 391 1207 499 1288; x_wconf 76' lang='lat' dir='ltr'>‘Quod</span> <span class='ocrx_word' id='word_1_79' title='bbox 527 1209 587 1273; x_wconf 89' lang='lat' dir='ltr'>tibi</span> <span class='ocrx_word' id='word_1_80' title='bbox 614 1230 679 1271; x_wconf 90' lang='lat' dir='ltr'>non</span> <span class='ocrx_word' id='word_1_81' title='bbox 707 1209 756 1272; x_wconf 88' lang='lat' dir='ltr'>vis</span> <span class='ocrx_word' id='word_1_82' title='bbox 784 1145 885 1289; x_wconf 51' lang='lat' dir='ltr'>dorm,</span> <span class='ocrx_word' id='word_1_83' title='bbox 913 1207 969 1270; x_wconf 87' lang='lat' dir='ltr'>alii</span> <span class='ocrx_word' id='word_1_84' title='bbox 997 1230 1038 1272; x_wconf 92' lang='lat' dir='ltr'>ne</span> <span class='ocrx_word' id='word_1_85' title='bbox 1067 1205 1203 1286; x_wconf 87' lang='lat' dir='ltr'>feceris’,</span> <span class='ocrx_word' id='word_1_86' title='bbox 1234 1207 1344 1293; x_wconf 91' lang='lat' dir='ltr'>inquo</span> 
     </span>
     <span class='ocr_line' id='line_1_11' title="bbox 67 1289 1345 1391; baseline 0.001 -38"><span class='ocrx_word' id='word_1_87' title='bbox 67 1310 147 1354; x_wconf 70' lang='lat' dir='ltr'>uisu.</span> <span class='ocrx_word' id='word_1_88' title='bbox 158 1312 216 1364; x_wconf 74' lang='lat' dir='ltr'>nra</span> <span class='ocrx_word' id='word_1_89' title='bbox 228 1290 349 1357; x_wconf 88' lang='lat' dir='ltr'>scilicet</span> <span class='ocrx_word' id='word_1_90' title='bbox 383 1292 534 1356; x_wconf 89' lang='lat' dir='ltr'>mandato</span> <span class='ocrx_word' id='word_1_91' title='bbox 562 1291 696 1355; x_wconf 87' lang='lat' dir='ltr'>Domini</span> <span class='ocrx_word' id='word_1_92' title='bbox 728 1292 848 1391; x_wconf 81' lang='lat' dir='ltr'>pendet</span> <span class='ocrx_word' id='word_1_93' title='bbox 878 1290 932 1356; x_wconf 87' lang='lat' dir='ltr'>lex</span> <span class='ocrx_word' id='word_1_94' title='bbox 965 1292 1125 1356; x_wconf 79' lang='lat' dir='ltr'>fraternae</span> <span class='ocrx_word' id='word_1_95' title='bbox 1159 1289 1345 1355; x_wconf 83' lang='lat' dir='ltr'>dilectionis.</span> 
     </span>
     <span class='ocr_line' id='line_1_12' title="bbox 227 1373 1346 1461; baseline -0.001 -21"><span class='ocrx_word' id='word_1_96' title='bbox 227 1375 312 1440; x_wconf 88' lang='lat' dir='ltr'>Nam</span> <span class='ocrx_word' id='word_1_97' title='bbox 343 1373 491 1439; x_wconf 81' lang='lat' dir='ltr'>Gelasius</span> <span class='ocrx_word' id='word_1_98' title='bbox 524 1397 611 1460; x_wconf 90' lang='lat' dir='ltr'>papa</span> <span class='ocrx_word' id='word_1_99' title='bbox 643 1376 788 1442; x_wconf 77' lang='lat' dir='ltr'>scrib1t2:</span> <span class='ocrx_word' id='word_1_100' title='bbox 821 1391 974 1457; x_wconf 74' lang='lat' dir='ltr'>Postquam,</span> <span class='ocrx_word' id='word_1_101' title='bbox 1004 1376 1166 1461; x_wconf 85' lang='lat' dir='ltr'>inquiens,</span> <span class='ocrx_word' id='word_1_102' title='bbox 1195 1391 1235 1442; x_wconf 81' lang='lat' dir='ltr'>aa</span> <span class='ocrx_word' id='word_1_103' title='bbox 1263 1407 1346 1442; x_wconf 80' lang='lat' dir='ltr'>rerum</span> 
     </span>
     <span class='ocr_line' id='line_1_13' title="bbox 226 1463 1346 1532; baseline -0.004 -14"><span class='ocrx_word' id='word_1_104' title='bbox 226 1472 334 1518; x_wconf 84' lang='lat' dir='ltr'>centurn</span> <span class='ocrx_word' id='word_1_105' title='bbox 361 1473 399 1516; x_wconf 87' lang='lat' dir='ltr'>est</span> <span class='ocrx_word' id='word_1_106' title='bbox 427 1465 539 1517; x_wconf 85' lang='lat' dir='ltr'>eundem</span> <span class='ocrx_word' id='word_1_107' title='bbox 562 1482 648 1532; x_wconf 78' lang='lat' dir='ltr'>repern</span> <span class='ocrx_word' id='word_1_108' title='bbox 674 1474 751 1532; x_wconf 80' lang='lat' dir='ltr'>atque</span> <span class='ocrx_word' id='word_1_109' title='bbox 772 1466 932 1532; x_wconf 82' lang='lat' dir='ltr'>pontificem,</span> <span class='ocrx_word' id='word_1_110' title='bbox 958 1465 1031 1516; x_wconf 83' lang='lat' dir='ltr'>ultra</span> <span class='ocrx_word' id='word_1_111' title='bbox 1054 1464 1106 1515; x_wconf 84' lang='lat' dir='ltr'>sibi</span> <span class='ocrx_word' id='word_1_112' title='bbox 1129 1482 1179 1517; x_wconf 89' lang='lat' dir='ltr'>nec</span> <span class='ocrx_word' id='word_1_113' title='bbox 1208 1463 1346 1531; x_wconf 81' lang='lat' dir='ltr'>imperator</span> 
     </span>
     <span class='ocr_line' id='line_1_14' title="bbox 223 1534 1346 1607; baseline -0.004 -17"><span class='ocrx_word' id='word_1_114' title='bbox 223 1537 357 1606; x_wconf 84' lang='lat' dir='ltr'>pontificis</span> <span class='ocrx_word' id='word_1_115' title='bbox 375 1555 470 1590; x_wconf 89' lang='lat' dir='ltr'>nomen</span> <span class='ocrx_word' id='word_1_116' title='bbox 488 1537 621 1604; x_wconf 78' lang='lat' dir='ltr'>imposuit,</span> <span class='ocrx_word' id='word_1_117' title='bbox 639 1555 686 1590; x_wconf 89' lang='lat' dir='ltr'>nec</span> <span class='ocrx_word' id='word_1_118' title='bbox 700 1540 825 1604; x_wconf 72' lang='lat' dir='ltr'>pontisera</span> <span class='ocrx_word' id='word_1_119' title='bbox 843 1540 952 1607; x_wconf 78' lang='lat' dir='ltr'>reputas</span> <span class='ocrx_word' id='word_1_120' title='bbox 968 1534 1079 1606; x_wconf 80' lang='lat' dir='ltr'>rspiceb</span> <span class='ocrx_word' id='word_1_121' title='bbox 1092 1538 1244 1605; x_wconf 76' lang='lat' dir='ltr'>sastipium</span> <span class='ocrx_word' id='word_1_122' title='bbox 1261 1535 1346 1590; x_wconf 87' lang='lat' dir='ltr'>cendi-</span> 
     </span>
     <span class='ocr_line' id='line_1_15' title="bbox 228 1604 1346 1691; baseline -0.004 -19"><span class='ocrx_word' id='word_1_123' title='bbox 228 1622 307 1674; x_wconf 81' lang='lat' dir='ltr'>eam&#39;t.</span> <span class='ocrx_word' id='word_1_124' title='bbox 356 1604 411 1670; x_wconf 88' lang='lat' dir='ltr'>Sic</span> <span class='ocrx_word' id='word_1_125' title='bbox 440 1606 524 1669; x_wconf 89' lang='lat' dir='ltr'>enim</span> <span class='ocrx_word' id='word_1_126' title='bbox 554 1605 668 1669; x_wconf 86' lang='lat' dir='ltr'>scribit</span> <span class='ocrx_word' id='word_1_127' title='bbox 687 1606 729 1670; x_wconf 91' lang='lat' dir='ltr'>ad</span> <span class='ocrx_word' id='word_1_128' title='bbox 751 1607 961 1671; x_wconf 89' lang='lat' dir='ltr'>Anastasium</span> <span class='ocrx_word' id='word_1_129' title='bbox 982 1607 1215 1691; x_wconf 85' lang='lat' dir='ltr'>imperatorem</span> <span class='ocrx_word' id='word_1_130' title='bbox 1238 1604 1346 1669; x_wconf 91' lang='lat' dir='ltr'>hereti·</span> 
     </span>
     <span class='ocr_line' id='line_1_16' title="bbox 228 1688 1347 1788; baseline -0.002 -37"><span class='ocrx_word' id='word_1_131' title='bbox 228 1709 302 1751; x_wconf 90' lang='lat' dir='ltr'>cum</span> <span class='ocrx_word' id='word_1_132' title='bbox 324 1697 357 1753; x_wconf 89' lang='lat' dir='ltr'>ct</span> <span class='ocrx_word' id='word_1_133' title='bbox 378 1688 579 1754; x_wconf 84' lang='lat' dir='ltr'>defensorem</span> <span class='ocrx_word' id='word_1_134' title='bbox 600 1690 824 1772; x_wconf 84' lang='lat' dir='ltr'>hereticorum,</span> <span class='ocrx_word' id='word_1_135' title='bbox 853 1690 909 1788; x_wconf 82' lang='lat' dir='ltr'>qui</span> <span class='ocrx_word' id='word_1_136' title='bbox 930 1691 990 1754; x_wconf 91' lang='lat' dir='ltr'>etsi</span> <span class='ocrx_word' id='word_1_137' title='bbox 1019 1688 1091 1754; x_wconf 85' lang='lat' dir='ltr'>talis</span> <span class='ocrx_word' id='word_1_138' title='bbox 1113 1689 1223 1770; x_wconf 73' lang='lat' dir='ltr'>fiterit,</span> <span class='ocrx_word' id='word_1_139' title='bbox 1246 1698 1347 1752; x_wconf 87' lang='lat' dir='ltr'>tamen</span> 
     </span>
     <span class='ocr_line' id='line_1_17' title="bbox 227 1772 1347 1860; baseline -0.003 -24"><span class='ocrx_word' id='word_1_140' title='bbox 227 1794 288 1836; x_wconf 93' lang='lat' dir='ltr'>nec</span> <span class='ocrx_word' id='word_1_141' title='bbox 308 1773 378 1858; x_wconf 92' lang='lat' dir='ltr'>ipse</span> <span class='ocrx_word' id='word_1_142' title='bbox 402 1773 551 1838; x_wconf 85' lang='lat' dir='ltr'>Gelasius</span> <span class='ocrx_word' id='word_1_143' title='bbox 572 1795 632 1838; x_wconf 88' lang='lat' dir='ltr'>nec</span> <span class='ocrx_word' id='word_1_144' title='bbox 654 1772 792 1837; x_wconf 91' lang='lat' dir='ltr'>aliorum</span> <span class='ocrx_word' id='word_1_145' title='bbox 814 1795 985 1860; x_wconf 78' lang='lat' dir='ltr'>qumquam</span> <span class='ocrx_word' id='word_1_146' title='bbox 1007 1783 1195 1837; x_wconf 90' lang='lat' dir='ltr'>sanctorum</span> <span class='ocrx_word' id='word_1_147' title='bbox 1225 1783 1347 1857; x_wconf 85' lang='lat' dir='ltr'>patrum</span> 
     </span>
     <span class='ocr_line' id='line_1_18' title="bbox 227 1855 1347 1943; baseline -0.001 -24"><span class='ocrx_word' id='word_1_148' title='bbox 227 1855 280 1920; x_wconf 92' lang='lat' dir='ltr'>vel</span> <span class='ocrx_word' id='word_1_149' title='bbox 300 1868 426 1943; x_wconf 89' lang='lat' dir='ltr'>partem</span> <span class='ocrx_word' id='word_1_150' title='bbox 448 1856 606 1942; x_wconf 90' lang='lat' dir='ltr'>clamydis</span> <span class='ocrx_word' id='word_1_151' title='bbox 630 1880 706 1922; x_wconf 87' lang='lat' dir='ltr'>suae</span> <span class='ocrx_word' id='word_1_152' title='bbox 729 1856 918 1923; x_wconf 86' lang='lat' dir='ltr'>abscindere</span> <span class='ocrx_word' id='word_1_153' title='bbox 939 1858 1168 1942; x_wconf 85' lang='lat' dir='ltr'>praesumpsit,</span> <span class='ocrx_word' id='word_1_154' title='bbox 1200 1857 1347 1942; x_wconf 87' lang='lat' dir='ltr'>quoniam</span> 
     </span>
     <span class='ocr_line' id='line_1_19' title="bbox 227 1940 1347 2028; baseline 0.001 -25"><span class='ocrx_word' id='word_1_155' title='bbox 227 1941 261 2003; x_wconf 92' lang='lat' dir='ltr'>in</span> <span class='ocrx_word' id='word_1_156' title='bbox 286 1940 335 2004; x_wconf 88' lang='lat' dir='ltr'>his</span> <span class='ocrx_word' id='word_1_157' title='bbox 363 1942 460 2007; x_wconf 87' lang='lat' dir='ltr'>etiam</span> <span class='ocrx_word' id='word_1_158' title='bbox 488 1945 543 2028; x_wconf 89' lang='lat' dir='ltr'>qui</span> <span class='ocrx_word' id='word_1_159' title='bbox 571 1941 730 2006; x_wconf 88' lang='lat' dir='ltr'>eiusmodi</span> <span class='ocrx_word' id='word_1_160' title='bbox 752 1952 825 2006; x_wconf 92' lang='lat' dir='ltr'>sunt</span> <span class='ocrx_word' id='word_1_161' title='bbox 853 1941 1086 2005; x_wconf 88' lang='lat' dir='ltr'>ordinationem</span> <span class='ocrx_word' id='word_1_162' title='bbox 1115 1941 1182 2005; x_wconf 89' lang='lat' dir='ltr'>Dei</span> <span class='ocrx_word' id='word_1_163' title='bbox 1213 1949 1246 2004; x_wconf 88' lang='lat' dir='ltr'>et</span> <span class='ocrx_word' id='word_1_164' title='bbox 1267 1950 1347 2026; x_wconf 85' lang='lat' dir='ltr'>potc-</span> 
     </span>
     <span class='ocr_line' id='line_1_20' title="bbox 228 2024 1346 2112; baseline 0.001 -24"><span class='ocrx_word' id='word_1_165' title='bbox 228 2034 342 2090; x_wconf 86' lang='lat' dir='ltr'>statem</span> <span class='ocrx_word' id='word_1_166' title='bbox 365 2048 448 2112; x_wconf 89' lang='lat' dir='ltr'>quae</span> <span class='ocrx_word' id='word_1_167' title='bbox 471 2048 490 2089; x_wconf 89' lang='lat' dir='ltr'>a</span> <span class='ocrx_word' id='word_1_168' title='bbox 513 2026 585 2090; x_wconf 90' lang='lat' dir='ltr'>Deo</span> <span class='ocrx_word' id='word_1_169' title='bbox 608 2037 657 2090; x_wconf 89' lang='lat' dir='ltr'>est</span> <span class='ocrx_word' id='word_1_170' title='bbox 678 2026 813 2112; x_wconf 89' lang='lat' dir='ltr'>quisque</span> <span class='ocrx_word' id='word_1_171' title='bbox 835 2034 964 2089; x_wconf 88' lang='lat' dir='ltr'>sanctus</span> <span class='ocrx_word' id='word_1_172' title='bbox 986 2024 1226 2089; x_wconf 86' lang='lat' dir='ltr'>honorificavit.</span> <span class='ocrx_word' id='word_1_173' title='bbox 1261 2040 1346 2102; x_wconf 77' lang='lat' dir='ltr'>Quan-</span> 
     </span>
     <span class='ocr_line' id='line_1_21' title="bbox 227 2111 1348 2196; baseline -0.003 -22"><span class='ocrx_word' id='word_1_174' title='bbox 227 2131 282 2175; x_wconf 91' lang='lat' dir='ltr'>tum</span> <span class='ocrx_word' id='word_1_175' title='bbox 300 2142 370 2188; x_wconf 87' lang='lat' dir='ltr'>uero,</span> <span class='ocrx_word' id='word_1_176' title='bbox 392 2111 529 2196; x_wconf 78' lang='lat' dir='ltr'>inquib³,</span> <span class='ocrx_word' id='word_1_177' title='bbox 549 2127 586 2178; x_wconf 87' lang='lat' dir='ltr'>ad</span> <span class='ocrx_word' id='word_1_178' title='bbox 599 2124 717 2176; x_wconf 80' lang='lat' dir='ltr'>ordinem</span> <span class='ocrx_word' id='word_1_179' title='bbox 726 2125 852 2190; x_wconf 85' lang='lat' dir='ltr'>publicae</span> <span class='ocrx_word' id='word_1_180' title='bbox 860 2123 975 2189; x_wconf 89' lang='lat' dir='ltr'>pertinet</span> <span class='ocrx_word' id='word_1_181' title='bbox 988 2122 1149 2188; x_wconf 82' lang='lat' dir='ltr'>disciplinae</span> <span class='ocrx_word' id='word_1_182' title='bbox 1163 2129 1348 2191; x_wconf 76' lang='lat' dir='ltr'>capnoscentes,</span> 
     </span>
     <span class='ocr_line' id='line_1_22' title="bbox 224 2191 1349 2266; baseline -0.004 -17"><span class='ocrx_word' id='word_1_183' title='bbox 224 2198 337 2265; x_wconf 78' lang='lat' dir='ltr'>pboricse</span> <span class='ocrx_word' id='word_1_184' title='bbox 349 2200 404 2265; x_wconf 81' lang='lat' dir='ltr'>flii,</span> <span class='ocrx_word' id='word_1_185' title='bbox 423 2200 563 2266; x_wconf 87' lang='lat' dir='ltr'>imperium</span> <span class='ocrx_word' id='word_1_186' title='bbox 582 2199 630 2250; x_wconf 91' lang='lat' dir='ltr'>tibi</span> <span class='ocrx_word' id='word_1_187' title='bbox 648 2214 766 2262; x_wconf 86' lang='lat' dir='ltr'>superna</span> <span class='ocrx_word' id='word_1_188' title='bbox 784 2196 955 2262; x_wconf 80' lang='lat' dir='ltr'>dispositione</span> <span class='ocrx_word' id='word_1_189' title='bbox 974 2197 1098 2247; x_wconf 82' lang='lat' dir='ltr'>collatum</span> <span class='ocrx_word' id='word_1_190' title='bbox 1118 2197 1222 2263; x_wconf 76' lang='lat' dir='ltr'>tepidus</span> <span class='ocrx_word' id='word_1_191' title='bbox 1238 2197 1290 2247; x_wconf 86' lang='lat' dir='ltr'>tuis</span> <span class='ocrx_word' id='word_1_192' title='bbox 1303 2191 1349 2260; x_wconf 83' lang='lat' dir='ltr'>ipsi</span> 
     </span>
     <span class='ocr_line' id='line_1_23' title="bbox 227 2269 1349 2339; baseline -0.004 -18"><span class='ocrx_word' id='word_1_193' title='bbox 227 2287 329 2337; x_wconf 78' lang='lat' dir='ltr'>quoque</span> <span class='ocrx_word' id='word_1_194' title='bbox 350 2281 451 2337; x_wconf 84' lang='lat' dir='ltr'>parcnt</span> <span class='ocrx_word' id='word_1_195' title='bbox 476 2273 593 2339; x_wconf 78' lang='lat' dir='ltr'>relipiosi</span> <span class='ocrx_word' id='word_1_196' title='bbox 613 2271 751 2333; x_wconf 79' lang='lat' dir='ltr'>antistites,</span> <span class='ocrx_word' id='word_1_197' title='bbox 774 2288 807 2322; x_wconf 90' lang='lat' dir='ltr'>ne</span> <span class='ocrx_word' id='word_1_198' title='bbox 836 2271 878 2321; x_wconf 84' lang='lat' dir='ltr'>oet</span> <span class='ocrx_word' id='word_1_199' title='bbox 899 2270 928 2321; x_wconf 89' lang='lat' dir='ltr'>in</span> <span class='ocrx_word' id='word_1_200' title='bbox 953 2271 1031 2321; x_wconf 89' lang='lat' dir='ltr'>rebus</span> <span class='ocrx_word' id='word_1_201' title='bbox 1055 2269 1205 2320; x_wconf 89' lang='lat' dir='ltr'>mundanis</span> <span class='ocrx_word' id='word_1_202' title='bbox 1231 2269 1349 2322; x_wconf 72' lang='lat' dir='ltr'>exclusae</span> 
     </span>
     <span class='ocr_line' id='line_1_24' title="bbox 226 2336 1349 2422; baseline -0.007 -18"><span class='ocrx_word' id='word_1_203' title='bbox 226 2353 371 2404; x_wconf 65' lang='lat' dir='ltr'>tueamur</span> <span class='ocrx_word' id='word_1_204' title='bbox 394 2355 502 2406; x_wconf 76' lang='lat' dir='ltr'>obviare</span> <span class='ocrx_word' id='word_1_205' title='bbox 526 2351 678 2404; x_wconf 73' lang='lat' dir='ltr'>sementim.</span> <span class='ocrx_word' id='word_1_206' title='bbox 715 2336 859 2400; x_wconf 86' lang='lat' dir='ltr'>Exclusa</span> <span class='ocrx_word' id='word_1_207' title='bbox 878 2346 926 2401; x_wconf 91' lang='lat' dir='ltr'>est</span> <span class='ocrx_word' id='word_1_208' title='bbox 941 2338 1062 2422; x_wconf 89' lang='lat' dir='ltr'>quippe</span> <span class='ocrx_word' id='word_1_209' title='bbox 1080 2337 1162 2401; x_wconf 89' lang='lat' dir='ltr'>haec</span> <span class='ocrx_word' id='word_1_210' title='bbox 1187 2336 1349 2414; x_wconf 89' lang='lat' dir='ltr'>sententia,</span> 
     </span>
     <span class='ocr_line' id='line_1_25' title="bbox 227 2417 1349 2506; baseline 0 -23"><span class='ocrx_word' id='word_1_211' title='bbox 227 2429 264 2483; x_wconf 86' lang='lat' dir='ltr'>ut</span> <span class='ocrx_word' id='word_1_212' title='bbox 284 2417 400 2505; x_wconf 90' lang='lat' dir='ltr'>aliquis</span> <span class='ocrx_word' id='word_1_213' title='bbox 422 2420 561 2484; x_wconf 91' lang='lat' dir='ltr'>militans</span> <span class='ocrx_word' id='word_1_214' title='bbox 577 2419 648 2483; x_wconf 89' lang='lat' dir='ltr'>Deo</span> <span class='ocrx_word' id='word_1_215' title='bbox 664 2418 840 2484; x_wconf 89' lang='lat' dir='ltr'>saecularia</span> <span class='ocrx_word' id='word_1_216' title='bbox 853 2429 1003 2506; x_wconf 89' lang='lat' dir='ltr'>procuret</span> <span class='ocrx_word' id='word_1_217' title='bbox 1023 2423 1166 2506; x_wconf 83' lang='lat' dir='ltr'>negotia.</span> <span class='ocrx_word' id='word_1_218' title='bbox 1198 2435 1265 2488; x_wconf 66' lang='lat' dir='ltr'>Stet</span> <span class='ocrx_word' id='word_1_219' title='bbox 1284 2433 1349 2487; x_wconf 79' lang='lat' dir='ltr'>enim</span> 
     </span>
     <span class='ocr_line' id='line_1_26' title="bbox 228 2505 1350 2589; baseline -0.004 -21"><span class='ocrx_word' id='word_1_220' title='bbox 228 2517 353 2568; x_wconf 83' lang='lat' dir='ltr'>discrevit</span> <span class='ocrx_word' id='word_1_221' title='bbox 377 2516 496 2569; x_wconf 81' lang='lat' dir='ltr'>Obristus</span> <span class='ocrx_word' id='word_1_222' title='bbox 521 2518 658 2582; x_wconf 77' lang='lat' dir='ltr'>utriusque</span> <span class='ocrx_word' id='word_1_223' title='bbox 676 2519 815 2582; x_wconf 84' lang='lat' dir='ltr'>potestatis</span> <span class='ocrx_word' id='word_1_224' title='bbox 843 2520 941 2586; x_wconf 81' lang='lat' dir='ltr'>officia,</span> <span class='ocrx_word' id='word_1_225' title='bbox 965 2527 1079 2589; x_wconf 85' lang='lat' dir='ltr'>regum</span> <span class='ocrx_word' id='word_1_226' title='bbox 1107 2505 1233 2568; x_wconf 80' lang='lat' dir='ltr'>scillcet</span> <span class='ocrx_word' id='word_1_227' title='bbox 1259 2514 1350 2588; x_wconf 76' lang='lat' dir='ltr'>atque</span> 
     </span>
    </p>
   </div>
   <div class='ocr_carea' id='block_1_3' title="bbox 227 2583 1350 2818">
    <p class='ocr_par' dir='ltr' id='par_1_3' title="bbox 227 2583 1350 2818">
     <span class='ocr_line' id='line_1_27' title="bbox 228 2583 1349 2669; baseline 0.004 -24"><span class='ocrx_word' id='word_1_228' title='bbox 228 2583 426 2669; x_wconf 74' lang='lat' dir='ltr'>pontificum,</span> <span class='ocrx_word' id='word_1_229' title='bbox 441 2600 568 2666; x_wconf 87' lang='lat' dir='ltr'>quatinus</span> <span class='ocrx_word' id='word_1_230' title='bbox 587 2599 716 2665; x_wconf 84' lang='lat' dir='ltr'>spiritalis</span> <span class='ocrx_word' id='word_1_231' title='bbox 737 2601 804 2652; x_wconf 86' lang='lat' dir='ltr'>actio</span> <span class='ocrx_word' id='word_1_232' title='bbox 824 2619 842 2652; x_wconf 88' lang='lat' dir='ltr'>a</span> <span class='ocrx_word' id='word_1_233' title='bbox 861 2603 1048 2668; x_wconf 80' lang='lat' dir='ltr'>temporalibus</span> <span class='ocrx_word' id='word_1_234' title='bbox 1068 2603 1183 2656; x_wconf 88' lang='lat' dir='ltr'>distaret</span> <span class='ocrx_word' id='word_1_235' title='bbox 1201 2602 1349 2655; x_wconf 82' lang='lat' dir='ltr'>incursibus</span> 
     </span>
     <span class='ocr_line' id='line_1_28' title="bbox 228 2672 1350 2741; baseline 0 -17"><span class='ocrx_word' id='word_1_236' title='bbox 228 2677 253 2724; x_wconf 90' lang='lat' dir='ltr'>et</span> <span class='ocrx_word' id='word_1_237' title='bbox 270 2672 328 2723; x_wconf 89' lang='lat' dir='ltr'>Deo</span> <span class='ocrx_word' id='word_1_238' title='bbox 354 2672 471 2724; x_wconf 87' lang='lat' dir='ltr'>militans</span> <span class='ocrx_word' id='word_1_239' title='bbox 495 2673 600 2723; x_wconf 88' lang='lat' dir='ltr'>minime</span> <span class='ocrx_word' id='word_1_240' title='bbox 625 2689 653 2724; x_wconf 89' lang='lat' dir='ltr'>se</span> <span class='ocrx_word' id='word_1_241' title='bbox 676 2674 786 2740; x_wconf 75' lang='lat' dir='ltr'>repotiis</span> <span class='ocrx_word' id='word_1_242' title='bbox 804 2672 952 2741; x_wconf 85' lang='lat' dir='ltr'>implicaret</span> <span class='ocrx_word' id='word_1_243' title='bbox 971 2676 1164 2741; x_wconf 82' lang='lat' dir='ltr'>saecularibus,</span> <span class='ocrx_word' id='word_1_244' title='bbox 1186 2695 1220 2728; x_wconf 89' lang='lat' dir='ltr'>ac</span> <span class='ocrx_word' id='word_1_245' title='bbox 1239 2673 1350 2728; x_wconf 83' lang='lat' dir='ltr'>uicissim</span> 
     </span>
     <span class='ocr_line' id='line_1_29' title="bbox 227 2744 1350 2818; baseline 0 -22"><span class='ocrx_word' id='word_1_246' title='bbox 227 2763 282 2796; x_wconf 90' lang='lat' dir='ltr'>non</span> <span class='ocrx_word' id='word_1_247' title='bbox 299 2744 344 2796; x_wconf 71' lang='lat' dir='ltr'>itte</span> <span class='ocrx_word' id='word_1_248' title='bbox 362 2747 440 2797; x_wconf 89' lang='lat' dir='ltr'>rebus</span> <span class='ocrx_word' id='word_1_249' title='bbox 460 2746 559 2796; x_wconf 81' lang='lat' dir='ltr'>diuinis</span> <span class='ocrx_word' id='word_1_250' title='bbox 578 2746 737 2812; x_wconf 86' lang='lat' dir='ltr'>praesidere</span> <span class='ocrx_word' id='word_1_251' title='bbox 756 2747 899 2811; x_wconf 85' lang='lat' dir='ltr'>uideretur,</span> <span class='ocrx_word' id='word_1_252' title='bbox 920 2748 966 2815; x_wconf 82' lang='lat' dir='ltr'>qui</span> <span class='ocrx_word' id='word_1_253' title='bbox 985 2757 1050 2800; x_wconf 87' lang='lat' dir='ltr'>esset</span> <span class='ocrx_word' id='word_1_254' title='bbox 1068 2749 1227 2815; x_wconf 85' lang='lat' dir='ltr'>implicatus</span> <span class='ocrx_word' id='word_1_255' title='bbox 1243 2747 1350 2818; x_wconf 77' lang='lat' dir='ltr'>nepotiis</span> 
     </span>
    </p>
   </div>
   <div class='ocr_carea' id='block_1_4' title="bbox 69 2815 1355 3629">
    <p class='ocr_par' dir='ltr' id='par_1_4' title="bbox 229 2815 1351 2899">
     <span class='ocr_line' id='line_1_30' title="bbox 229 2815 1351 2899; baseline 0.001 -21"><span class='ocrx_word' id='word_1_256' title='bbox 229 2828 420 2881; x_wconf 85' lang='lat' dir='ltr'>saecularibus.</span> <span class='ocrx_word' id='word_1_257' title='bbox 458 2827 571 2878; x_wconf 82' lang='lat' dir='ltr'>Fuerint</span> <span class='ocrx_word' id='word_1_258' title='bbox 599 2828 671 2892; x_wconf 84' lang='lat' dir='ltr'>baec,</span> <span class='ocrx_word' id='word_1_259' title='bbox 696 2815 800 2899; x_wconf 80' lang='lat' dir='ltr'>inquii</span> <span class='ocrx_word' id='word_1_260' title='bbox 809 2827 830 2890; x_wconf 88' lang='lat'>⁵,</span> <span class='ocrx_word' id='word_1_261' title='bbox 860 2836 921 2882; x_wconf 90' lang='lat' dir='ltr'>ante</span> <span class='ocrx_word' id='word_1_262' title='bbox 942 2831 1085 2882; x_wconf 87' lang='lat' dir='ltr'>adrentum</span> <span class='ocrx_word' id='word_1_263' title='bbox 1109 2832 1218 2896; x_wconf 73' lang='lat' dir='ltr'>curari,</span> <span class='ocrx_word' id='word_1_264' title='bbox 1243 2840 1274 2882; x_wconf 87' lang='lat' dir='ltr'>ut</span> <span class='ocrx_word' id='word_1_265' title='bbox 1297 2829 1351 2896; x_wconf 79' lang='lat' dir='ltr'>qui·</span> 
     </span>
    </p>

    <p class='ocr_par' dir='ltr' id='par_1_5' title="bbox 229 2901 1352 2973">
     <span class='ocr_line' id='line_1_31' title="bbox 229 2901 1352 2973; baseline 0.002 -21"><span class='ocrx_word' id='word_1_266' title='bbox 229 2901 294 2952; x_wconf 88' lang='lat' dir='ltr'>darn</span> <span class='ocrx_word' id='word_1_267' title='bbox 311 2902 463 2970; x_wconf 63' lang='lat' dir='ltr'>figuraliter</span> <span class='ocrx_word' id='word_1_268' title='bbox 490 2902 579 2952; x_wconf 82' lang='lat' dir='ltr'>adbuc</span> <span class='ocrx_word' id='word_1_269' title='bbox 602 2904 738 2954; x_wconf 87' lang='lat' dir='ltr'>tamenin</span> <span class='ocrx_word' id='word_1_270' title='bbox 758 2905 911 2955; x_wconf 81' lang='lat' dir='ltr'>carnalibus</span> <span class='ocrx_word' id='word_1_271' title='bbox 930 2903 1078 2955; x_wconf 80' lang='lat' dir='ltr'>actionibus</span> <span class='ocrx_word' id='word_1_272' title='bbox 1098 2905 1238 2957; x_wconf 87' lang='lat' dir='ltr'>constituti</span> <span class='ocrx_word' id='word_1_273' title='bbox 1253 2905 1352 2973; x_wconf 82' lang='lat' dir='ltr'>pariter</span> 
     </span>
    </p>

    <p class='ocr_par' dir='ltr' id='par_1_6' title="bbox 229 2975 1351 3044">
     <span class='ocr_line' id='line_1_32' title="bbox 229 2975 1351 3044; baseline 0.001 -19"><span class='ocrx_word' id='word_1_274' title='bbox 229 2990 303 3041; x_wconf 79' lang='lat' dir='ltr'>repes</span> <span class='ocrx_word' id='word_1_275' title='bbox 327 2975 465 3027; x_wconf 75' lang='lat' dir='ltr'>existerent</span> <span class='ocrx_word' id='word_1_276' title='bbox 490 2975 596 3040; x_wconf 85' lang='lat' dir='ltr'>pariter</span> <span class='ocrx_word' id='word_1_277' title='bbox 621 2977 778 3039; x_wconf 86' lang='lat' dir='ltr'>sacerdotes,</span> <span class='ocrx_word' id='word_1_278' title='bbox 808 2978 880 3042; x_wconf 79' lang='lat' dir='ltr'>quod</span> <span class='ocrx_word' id='word_1_279' title='bbox 903 2984 1023 3028; x_wconf 89' lang='lat' dir='ltr'>sanctum</span> <span class='ocrx_word' id='word_1_280' title='bbox 1049 2977 1247 3030; x_wconf 77' lang='lat' dir='ltr'>Melchisedech</span> <span class='ocrx_word' id='word_1_281' title='bbox 1266 2977 1351 3044; x_wconf 84' lang='lat' dir='ltr'>fuisse</span> 
     </span>
    </p>

    <p class='ocr_par' dir='ltr' id='par_1_7' title="bbox 69 3046 1353 3264">
     <span class='ocr_line' id='line_1_33' title="bbox 69 3046 1352 3116; baseline -0.004 -13"><span class='ocrx_word' id='word_1_282' title='bbox 69 3061 128 3103; x_wconf 79' lang='lat' dir='ltr'>Gen.</span> <span class='ocrx_word' id='word_1_283' title='bbox 139 3060 218 3114; x_wconf 81' lang='lat'>14,18.</span> <span class='ocrx_word' id='word_1_284' title='bbox 230 3064 311 3100; x_wconf 82' lang='lat' dir='ltr'>sacra</span> <span class='ocrx_word' id='word_1_285' title='bbox 323 3050 417 3114; x_wconf 85' lang='lat' dir='ltr'>prodit</span> <span class='ocrx_word' id='word_1_286' title='bbox 435 3046 563 3109; x_wconf 74' lang='lat' dir='ltr'>historic;</span> <span class='ocrx_word' id='word_1_287' title='bbox 582 3049 654 3113; x_wconf 79' lang='lat' dir='ltr'>qaod</span> <span class='ocrx_word' id='word_1_288' title='bbox 672 3049 701 3099; x_wconf 90' lang='lat' dir='ltr'>in</span> <span class='ocrx_word' id='word_1_289' title='bbox 720 3050 776 3099; x_wconf 85' lang='lat' dir='ltr'>suis</span> <span class='ocrx_word' id='word_1_290' title='bbox 789 3067 890 3115; x_wconf 79' lang='lat' dir='ltr'>quoque</span> <span class='ocrx_word' id='word_1_291' title='bbox 910 3050 1033 3101; x_wconf 82' lang='lat' dir='ltr'>diabobus</span> <span class='ocrx_word' id='word_1_292' title='bbox 1051 3050 1183 3114; x_wconf 89' lang='lat' dir='ltr'>imitatus,</span> <span class='ocrx_word' id='word_1_293' title='bbox 1204 3060 1294 3116; x_wconf 88' lang='lat' dir='ltr'>utpote</span> <span class='ocrx_word' id='word_1_294' title='bbox 1309 3048 1352 3115; x_wconf 79' lang='lat' dir='ltr'>qui</span> 
     </span>
     <span class='ocr_line' id='line_1_34' title="bbox 173 3120 1351 3191; baseline 0.001 -20"><span class='ocrx_word' id='word_1_295' title='bbox 173 3168 175 3171; x_wconf 86' lang='lat'>.</span> <span class='ocrx_word' id='word_1_296' title='bbox 229 3137 330 3186; x_wconf 88' lang='lat' dir='ltr'>semper</span> <span class='ocrx_word' id='word_1_297' title='bbox 348 3139 416 3187; x_wconf 77' lang='lat' dir='ltr'>quoe</span> <span class='ocrx_word' id='word_1_298' title='bbox 435 3121 528 3172; x_wconf 85' lang='lat' dir='ltr'>diuino</span> <span class='ocrx_word' id='word_1_299' title='bbox 548 3120 632 3171; x_wconf 86' lang='lat' dir='ltr'>cultui</span> <span class='ocrx_word' id='word_1_300' title='bbox 647 3123 815 3174; x_wconf 84' lang='lat' dir='ltr'>convenirent</span> <span class='ocrx_word' id='word_1_301' title='bbox 826 3123 928 3173; x_wconf 90' lang='lat' dir='ltr'>sibimet</span> <span class='ocrx_word' id='word_1_302' title='bbox 941 3123 1080 3188; x_wconf 76' lang='lat' dir='ltr'>tyrannico</span> <span class='ocrx_word' id='word_1_303' title='bbox 1097 3124 1198 3191; x_wconf 87' lang='lat' dir='ltr'>spiritu</span> <span class='ocrx_word' id='word_1_304' title='bbox 1211 3124 1351 3177; x_wconf 80' lang='lat' dir='ltr'>vendicare</span> 
     </span>
     <span class='ocr_line' id='line_1_35' title="bbox 229 3193 1353 3264; baseline -0.001 -19"><span class='ocrx_word' id='word_1_305' title='bbox 229 3195 369 3260; x_wconf 85' lang='lat' dir='ltr'>contendit,</span> <span class='ocrx_word' id='word_1_306' title='bbox 395 3203 424 3245; x_wconf 91' lang='lat' dir='ltr'>ut</span> <span class='ocrx_word' id='word_1_307' title='bbox 445 3193 552 3261; x_wconf 75' lang='lat' dir='ltr'>papani</span> <span class='ocrx_word' id='word_1_308' title='bbox 573 3194 745 3258; x_wconf 88' lang='lat' dir='ltr'>imperatores</span> <span class='ocrx_word' id='word_1_309' title='bbox 771 3195 840 3246; x_wconf 88' lang='lat' dir='ltr'>idem</span> <span class='ocrx_word' id='word_1_310' title='bbox 859 3205 883 3246; x_wconf 87' lang='lat' dir='ltr'>et</span> <span class='ocrx_word' id='word_1_311' title='bbox 901 3195 1012 3246; x_wconf 77' lang='lat' dir='ltr'>matrimi</span> <span class='ocrx_word' id='word_1_312' title='bbox 1026 3197 1167 3264; x_wconf 70' lang='lat' dir='ltr'>pontifices</span> <span class='ocrx_word' id='word_1_313' title='bbox 1187 3199 1353 3256; x_wconf 74' lang='lat' dir='ltr'>dicerentur5</span> 
     </span>
    </p>

    <p class='ocr_par' dir='ltr' id='par_1_8' title="bbox 229 3267 1352 3336">
     <span class='ocr_line' id='line_1_36' title="bbox 229 3267 1352 3336; baseline -0.002 -17"><span class='ocrx_word' id='word_1_314' title='bbox 229 3269 276 3319; x_wconf 84' lang='lat' dir='ltr'>sed</span> <span class='ocrx_word' id='word_1_315' title='bbox 295 3285 354 3319; x_wconf 90' lang='lat' dir='ltr'>cum</span> <span class='ocrx_word' id='word_1_316' title='bbox 373 3269 409 3318; x_wconf 90' lang='lat' dir='ltr'>ad</span> <span class='ocrx_word' id='word_1_317' title='bbox 428 3284 520 3319; x_wconf 85' lang='lat' dir='ltr'>cerum</span> <span class='ocrx_word' id='word_1_318' title='bbox 539 3275 646 3318; x_wconf 86' lang='lat' dir='ltr'>centum</span> <span class='ocrx_word' id='word_1_319' title='bbox 662 3273 699 3317; x_wconf 90' lang='lat' dir='ltr'>est</span> <span class='ocrx_word' id='word_1_320' title='bbox 718 3267 830 3318; x_wconf 88' lang='lat' dir='ltr'>eundem</span> <span class='ocrx_word' id='word_1_321' title='bbox 842 3285 927 3336; x_wconf 79' lang='lat' dir='ltr'>repem</span> <span class='ocrx_word' id='word_1_322' title='bbox 940 3275 1019 3333; x_wconf 76' lang='lat' dir='ltr'>atque</span> <span class='ocrx_word' id='word_1_323' title='bbox 1033 3271 1196 3336; x_wconf 86' lang='lat' dir='ltr'>pontificem,</span> <span class='ocrx_word' id='word_1_324' title='bbox 1217 3272 1294 3321; x_wconf 85' lang='lat' dir='ltr'>ultra</span> <span class='ocrx_word' id='word_1_325' title='bbox 1305 3268 1352 3320; x_wconf 87' lang='lat' dir='ltr'>eibi</span> 
     </span>
    </p>

    <p class='ocr_par' dir='ltr' id='par_1_9' title="bbox 222 3337 1354 3556">
     <span class='ocr_line' id='line_1_37' title="bbox 229 3337 1350 3412; baseline 0.003 -21"><span class='ocrx_word' id='word_1_326' title='bbox 229 3359 277 3392; x_wconf 88' lang='lat' dir='ltr'>nec</span> <span class='ocrx_word' id='word_1_327' title='bbox 295 3341 438 3406; x_wconf 85' lang='lat' dir='ltr'>imperator</span> <span class='ocrx_word' id='word_1_328' title='bbox 462 3337 596 3405; x_wconf 65' lang='lat' dir='ltr'>pontificis</span> <span class='ocrx_word' id='word_1_329' title='bbox 621 3356 715 3390; x_wconf 88' lang='lat' dir='ltr'>nomen</span> <span class='ocrx_word' id='word_1_330' title='bbox 739 3339 878 3406; x_wconf 86' lang='lat' dir='ltr'>imposuit,</span> <span class='ocrx_word' id='word_1_331' title='bbox 903 3358 950 3392; x_wconf 87' lang='lat' dir='ltr'>nec</span> <span class='ocrx_word' id='word_1_332' title='bbox 965 3343 1091 3408; x_wconf 75' lang='lat' dir='ltr'>pontifex</span> <span class='ocrx_word' id='word_1_333' title='bbox 1109 3345 1224 3412; x_wconf 78' lang='lat' dir='ltr'>reputas</span> <span class='ocrx_word' id='word_1_334' title='bbox 1243 3337 1350 3412; x_wconf 73' lang='lat' dir='ltr'>repiocl</span> 
     </span>
     <span class='ocr_line' id='line_1_38' title="bbox 222 3409 1353 3484; baseline 0.004 -20"><span class='ocrx_word' id='word_1_335' title='bbox 222 3412 368 3480; x_wconf 76' lang='lat' dir='ltr'>fastipium</span> <span class='ocrx_word' id='word_1_336' title='bbox 389 3409 549 3470; x_wconf 81' lang='lat' dir='ltr'>vendicavit,</span> <span class='ocrx_word' id='word_1_337' title='bbox 576 3411 696 3474; x_wconf 82' lang='lat' dir='ltr'>quamuis</span> <span class='ocrx_word' id='word_1_338' title='bbox 715 3414 834 3463; x_wconf 71' lang='lat' dir='ltr'>&#39;membra</span> <span class='ocrx_word' id='word_1_339' title='bbox 858 3415 954 3478; x_wconf 89' lang='lat' dir='ltr'>ipsius,</span> <span class='ocrx_word' id='word_1_340' title='bbox 978 3414 1009 3465; x_wconf 92' lang='lat' dir='ltr'>id</span> <span class='ocrx_word' id='word_1_341' title='bbox 1031 3423 1069 3465; x_wconf 87' lang='lat' dir='ltr'>est</span> <span class='ocrx_word' id='word_1_342' title='bbox 1088 3416 1147 3467; x_wconf 85' lang='lat' dir='ltr'>ceri</span> <span class='ocrx_word' id='word_1_343' title='bbox 1164 3418 1259 3484; x_wconf 78' lang='lat' dir='ltr'>repis⁰</span> <span class='ocrx_word' id='word_1_344' title='bbox 1279 3425 1353 3481; x_wconf 79' lang='lat' dir='ltr'>atque</span> 
     </span>
     <span class='ocr_line' id='line_1_39' title="bbox 226 3483 1354 3556; baseline 0.003 -21"><span class='ocrx_word' id='word_1_345' title='bbox 226 3485 369 3553; x_wconf 79' lang='lat' dir='ltr'>pontificis,</span> <span class='ocrx_word' id='word_1_346' title='bbox 395 3485 540 3536; x_wconf 86' lang='lat' dir='ltr'>secrmdum</span> <span class='ocrx_word' id='word_1_347' title='bbox 561 3483 794 3548; x_wconf 89' lang='lat' dir='ltr'>participationem</span> <span class='ocrx_word' id='word_1_348' title='bbox 819 3496 934 3537; x_wconf 84' lang='lat' dir='ltr'>naturae</span> <span class='ocrx_word' id='word_1_349' title='bbox 959 3484 1141 3554; x_wconf 74' lang='lat' dir='ltr'>mapniflcaed</span> <span class='ocrx_word' id='word_1_350' title='bbox 1165 3499 1310 3556; x_wconf 79' lang='lat' dir='ltr'>utrumque</span> <span class='ocrx_word' id='word_1_351' title='bbox 1327 3488 1354 3538; x_wconf 88' lang='lat' dir='ltr'>in</span> 
     </span>
    </p>

    <p class='ocr_par' dir='ltr' id='par_1_10' title="bbox 90 3556 1355 3629">
     <span class='ocr_line' id='line_1_40' title="bbox 90 3556 1355 3629; baseline 0.004 -20"><span class='ocrx_word' id='word_1_352' title='bbox 90 3568 120 3611; x_wconf 82' lang='lat' dir='ltr'>et</span> <span class='ocrx_word' id='word_1_353' title='bbox 130 3569 220 3610; x_wconf 79' lang='lat' dir='ltr'>1.Petr.</span> <span class='ocrx_word' id='word_1_354' title='bbox 230 3576 311 3609; x_wconf 89' lang='lat' dir='ltr'>sacra</span> <span class='ocrx_word' id='word_1_355' title='bbox 329 3558 503 3627; x_wconf 61' lang='lat' dir='ltr'>generositate</span> <span class='ocrx_word' id='word_1_356' title='bbox 522 3556 683 3620; x_wconf 76' lang='lat' dir='ltr'>surnpsissee</span> <span class='ocrx_word' id='word_1_357' title='bbox 708 3556 841 3621; x_wconf 88' lang='lat' dir='ltr'>dicantur,</span> <span class='ocrx_word' id='word_1_358' title='bbox 864 3567 894 3608; x_wconf 90' lang='lat' dir='ltr'>ut</span> <span class='ocrx_word' id='word_1_359' title='bbox 912 3559 994 3610; x_wconf 87' lang='lat' dir='ltr'>simul</span> <span class='ocrx_word' id='word_1_360' title='bbox 1011 3563 1103 3629; x_wconf 78' lang='lat' dir='ltr'>repete</span> <span class='ocrx_word' id='word_1_361' title='bbox 1121 3579 1208 3629; x_wconf 81' lang='lat' dir='ltr'>penus</span> <span class='ocrx_word' id='word_1_362' title='bbox 1228 3569 1253 3614; x_wconf 91' lang='lat' dir='ltr'>et</span> <span class='ocrx_word' id='word_1_363' title='bbox 1273 3578 1355 3614; x_wconf 64' lang='lat' dir='ltr'>sacen</span> 
     </span>
    </p>
   </div>
   <div class='ocr_carea' id='block_1_5' title="bbox 136 3621 1355 3800">
    <p class='ocr_par' dir='ltr' id='par_1_11' title="bbox 136 3621 1355 3800">
     <span class='ocr_line' id='line_1_41' title="bbox 136 3621 1355 3720; baseline 0.001 -31"><span class='ocrx_word' id='word_1_364' title='bbox 136 3628 186 3679; x_wconf 70' lang='lat'>²²⁹·</span> <span class='ocrx_word' id='word_1_365' title='bbox 231 3641 320 3691; x_wconf 77' lang='lat' dir='ltr'>dotale</span> <span class='ocrx_word' id='word_1_366' title='bbox 338 3639 489 3719; x_wconf 68' lang='lat' dir='ltr'>subsistam.</span> <span class='ocrx_word' id='word_1_367' title='bbox 528 3621 618 3685; x_wconf 88' lang='lat' dir='ltr'>Haec</span> <span class='ocrx_word' id='word_1_368' title='bbox 633 3623 763 3720; x_wconf 81' lang='lat' dir='ltr'>quidem</span> <span class='ocrx_word' id='word_1_369' title='bbox 778 3625 890 3690; x_wconf 90' lang='lat' dir='ltr'>scribit</span> <span class='ocrx_word' id='word_1_370' title='bbox 905 3624 1063 3709; x_wconf 84' lang='lat' dir='ltr'>Gelasius,</span> <span class='ocrx_word' id='word_1_371' title='bbox 1087 3629 1145 3694; x_wconf 90' lang='lat' dir='ltr'>sed</span> <span class='ocrx_word' id='word_1_372' title='bbox 1163 3630 1355 3695; x_wconf 88' lang='lat' dir='ltr'>Hildebrant</span> 
     </span>
     <span class='ocr_line' id='line_1_42' title="bbox 230 3705 1354 3800; baseline 0.004 -29"><span class='ocrx_word' id='word_1_373' title='bbox 230 3717 263 3771; x_wconf 89' lang='lat' dir='ltr'>et</span> <span class='ocrx_word' id='word_1_374' title='bbox 290 3707 434 3790; x_wconf 85' lang='lat' dir='ltr'>episcopi</span> <span class='ocrx_word' id='word_1_375' title='bbox 463 3707 531 3768; x_wconf 91' lang='lat' dir='ltr'>eius</span> <span class='ocrx_word' id='word_1_376' title='bbox 554 3705 804 3771; x_wconf 79' lang='lat' dir='ltr'>vendicaverunt</span> <span class='ocrx_word' id='word_1_377' title='bbox 830 3707 892 3772; x_wconf 93' lang='lat' dir='ltr'>sibi</span> <span class='ocrx_word' id='word_1_378' title='bbox 919 3711 1042 3796; x_wconf 89' lang='lat' dir='ltr'>absque</span> <span class='ocrx_word' id='word_1_379' title='bbox 1063 3711 1166 3776; x_wconf 90' lang='lat' dir='ltr'>dubio</span> <span class='ocrx_word' id='word_1_380' title='bbox 1189 3713 1354 3800; x_wconf 85' lang='lat' dir='ltr'>fastigium</span> 
     </span>
    </p>
   </div>
   <div class='ocr_carea' id='block_1_6' title="bbox 231 3894 1354 3954">
    <p class='ocr_par' dir='ltr' id='par_1_12' title="bbox 231 3894 1354 3954">
     <span class='ocr_line' id='line_1_43' title="bbox 231 3894 1354 3954; baseline 0.008 -21"><span class='ocrx_word' id='word_1_381' title='bbox 231 3894 255 3947; x_wconf 78' lang='lat' dir='ltr'>a)</span> <span class='ocrx_word' id='word_1_382' title='bbox 272 3895 322 3934; x_wconf 86' lang='lat' dir='ltr'>fleri</span> <span class='ocrx_word' id='word_1_383' title='bbox 338 3894 393 3933; x_wconf 84' lang='lat' dir='ltr'>deest</span> <span class='ocrx_word' id='word_1_384' title='bbox 410 3896 438 3944; x_wconf 84' lang='lat'>1,·</span> <span class='ocrx_word' id='word_1_385' title='bbox 459 3895 495 3933; x_wconf 84' lang='lat' dir='ltr'>sed</span> <span class='ocrx_word' id='word_1_386' title='bbox 515 3896 559 3934; x_wconf 87' lang='lat' dir='ltr'>iam</span> <span class='ocrx_word' id='word_1_387' title='bbox 574 3896 683 3936; x_wconf 76' lang='lat' dir='ltr'>Fraterus</span> <span class='ocrx_word' id='word_1_388' title='bbox 703 3897 795 3936; x_wconf 84' lang='lat' dir='ltr'>addidit.</span> <span class='ocrx_word' id='word_1_389' title='bbox 856 3896 880 3949; x_wconf 91' lang='lat' dir='ltr'>b)</span> <span class='ocrx_word' id='word_1_390' title='bbox 903 3899 962 3938; x_wconf 78' lang='lat' dir='ltr'>Ttr&#39;et</span> <span class='ocrx_word' id='word_1_391' title='bbox 976 3901 1093 3940; x_wconf 83' lang='lat' dir='ltr'>secundum</span> <span class='ocrx_word' id='word_1_392' title='bbox 1108 3904 1205 3952; x_wconf 76' lang='lat' dir='ltr'>optimos</span> <span class='ocrx_word' id='word_1_393' title='bbox 1220 3906 1303 3944; x_wconf 73' lang='lat' dir='ltr'>codmes</span> <span class='ocrx_word' id='word_1_394' title='bbox 1315 3915 1354 3954; x_wconf 84' lang='lat' dir='ltr'>pro</span> 
     </span>
    </p>
   </div>
   <div class='ocr_carea' id='block_1_7' title="bbox 231 3954 1355 4064">
    <p class='ocr_par' dir='ltr' id='par_1_13' title="bbox 231 3954 1355 4064">
     <span class='ocr_line' id='line_1_44' title="bbox 231 3954 1355 4013; baseline 0.01 -22"><span class='ocrx_word' id='word_1_395' title='bbox 231 3954 327 4002; x_wconf 78' lang='lat' dir='ltr'>regulae</span> <span class='ocrx_word' id='word_1_396' title='bbox 348 3954 427 4000; x_wconf 76' lang='lat' dir='ltr'>regiae</span> <span class='ocrx_word' id='word_1_397' title='bbox 448 3965 516 3992; x_wconf 85' lang='lat' dir='ltr'>vocem</span> <span class='ocrx_word' id='word_1_398' title='bbox 539 3956 619 4002; x_wconf 80' lang='lat' dir='ltr'>regale</span> <span class='ocrx_word' id='word_1_399' title='bbox 637 3956 722 4004; x_wconf 77' lang='lat' dir='ltr'>recepit.</span> <span class='ocrx_word' id='word_1_400' title='bbox 799 3955 820 4008; x_wconf 88' lang='lat' dir='ltr'>c)</span> <span class='ocrx_word' id='word_1_401' title='bbox 843 3958 905 4005; x_wconf 74' lang='lat' dir='ltr'>regis</span> <span class='ocrx_word' id='word_1_402' title='bbox 921 3961 955 3998; x_wconf 84' lang='lat' dir='ltr'>ost</span> <span class='ocrx_word' id='word_1_403' title='bbox 971 3963 1039 4007; x_wconf 83' lang='lat' dir='ltr'>etque</span> <span class='ocrx_word' id='word_1_404' title='bbox 1054 3961 1174 4008; x_wconf 84' lang='lat' dir='ltr'>pontificis</span> <span class='ocrx_word' id='word_1_405' title='bbox 1192 3965 1218 4013; x_wconf 79' lang='lat'>13</span> <span class='ocrx_word' id='word_1_406' title='bbox 1241 3963 1355 4004; x_wconf 71' lang='lat' dir='ltr'>mandavit</span> 
     </span>
     <span class='ocr_line' id='line_1_45' title="bbox 231 4010 836 4064; baseline 0.002 -12"><span class='ocrx_word' id='word_1_407' title='bbox 231 4013 320 4054; x_wconf 74' lang='lat' dir='ltr'>Frater.</span> <span class='ocrx_word' id='word_1_408' title='bbox 379 4010 403 4063; x_wconf 85' lang='lat' dir='ltr'>d)</span> <span class='ocrx_word' id='word_1_409' title='bbox 419 4013 541 4060; x_wconf 76' lang='lat' dir='ltr'>magnifice</span> <span class='ocrx_word' id='word_1_410' title='bbox 559 4016 580 4055; x_wconf 88' lang='lat'>1.</span> <span class='ocrx_word' id='word_1_411' title='bbox 640 4012 662 4064; x_wconf 87' lang='lat' dir='ltr'>e)</span> <span class='ocrx_word' id='word_1_412' title='bbox 679 4015 800 4053; x_wconf 85' lang='lat' dir='ltr'>summisse</span> <span class='ocrx_word' id='word_1_413' title='bbox 817 4016 836 4053; x_wconf 85' lang='lat' dir='ltr'>t.</span> 
     </span>
    </p>
   </div>
   <div class='ocr_carea' id='block_1_8' title="bbox 235 4169 1355 4235">
    <p class='ocr_par' dir='ltr' id='par_1_14' title="bbox 235 4169 1355 4235">
     <span class='ocr_line' id='line_1_46' title="bbox 235 4169 1355 4235; baseline 0.01 -17"><span class='ocrx_word' id='word_1_414' title='bbox 235 4172 261 4235; x_wconf 89' lang='lat'>1)</span> <span class='ocrx_word' id='word_1_415' title='bbox 289 4169 329 4218; x_wconf 83' lang='lat' dir='ltr'>Of.</span> <span class='ocrx_word' id='word_1_416' title='bbox 355 4170 402 4220; x_wconf 91' lang='lat' dir='ltr'>lib.</span> <span class='ocrx_word' id='word_1_417' title='bbox 421 4171 443 4233; x_wconf 92' lang='lat' dir='ltr'>I,</span> <span class='ocrx_word' id='word_1_418' title='bbox 471 4187 494 4221; x_wconf 94' lang='lat' dir='ltr'>c.</span> <span class='ocrx_word' id='word_1_419' title='bbox 515 4171 540 4234; x_wconf 90' lang='grc'>6,</span> <span class='ocrx_word' id='word_1_420' title='bbox 567 4172 612 4221; x_wconf 87' lang='lat' dir='ltr'>ubi</span> <span class='ocrx_word' id='word_1_421' title='bbox 638 4172 689 4222; x_wconf 86' lang='lat' dir='ltr'>has</span> <span class='ocrx_word' id='word_1_422' title='bbox 714 4187 805 4223; x_wconf 89' lang='lat' dir='ltr'>omnes</span> <span class='ocrx_word' id='word_1_423' title='bbox 830 4189 872 4224; x_wconf 86' lang='lat' dir='ltr'>res</span> <span class='ocrx_word' id='word_1_424' title='bbox 896 4174 992 4225; x_wconf 84' lang='lat' dir='ltr'>iisdem</span> <span class='ocrx_word' id='word_1_425' title='bbox 1018 4176 1075 4228; x_wconf 79' lang='lat' dir='ltr'>lere</span> <span class='ocrx_word' id='word_1_426' title='bbox 1095 4180 1189 4233; x_wconf 84' lang='lat' dir='ltr'>verbis</span> <span class='ocrx_word' id='word_1_427' title='bbox 1209 4183 1355 4233; x_wconf 86' lang='lat' dir='ltr'>traduntur.</span> 
     </span>
    </p>
   </div>
   <div class='ocr_carea' id='block_1_9' title="bbox 233 4242 1355 4383">
    <p class='ocr_par' dir='ltr' id='par_1_15' title="bbox 233 4242 1355 4383">
     <span class='ocr_line' id='line_1_47' title="bbox 234 4242 1355 4317; baseline 0.01 -25"><span class='ocrx_word' id='word_1_428' title='bbox 234 4244 262 4305; x_wconf 79' lang='lat'>2)</span> <span class='ocrx_word' id='word_1_429' title='bbox 287 4242 365 4291; x_wconf 87' lang='lat' dir='ltr'>Thiel</span> <span class='ocrx_word' id='word_1_430' title='bbox 384 4243 402 4293; x_wconf 94' lang='lat' dir='ltr'>l.</span> <span class='ocrx_word' id='word_1_431' title='bbox 422 4259 446 4292; x_wconf 94' lang='lat' dir='ltr'>c.</span> <span class='ocrx_word' id='word_1_432' title='bbox 466 4244 490 4302; x_wconf 92' lang='lat' dir='ltr'>I,</span> <span class='ocrx_word' id='word_1_433' title='bbox 514 4261 539 4309; x_wconf 90' lang='lat' dir='ltr'>p.</span> <span class='ocrx_word' id='word_1_434' title='bbox 561 4245 624 4294; x_wconf 81' lang='grc'><strong>567.</strong></span> <span class='ocrx_word' id='word_1_435' title='bbox 721 4242 750 4310; x_wconf 85' lang='grc'>3)</span> <span class='ocrx_word' id='word_1_436' title='bbox 776 4245 880 4296; x_wconf 89' lang='lat' dir='ltr'>Ibidem</span> <span class='ocrx_word' id='word_1_437' title='bbox 900 4247 923 4307; x_wconf 92' lang='lat'>1,</span> <span class='ocrx_word' id='word_1_438' title='bbox 943 4265 968 4314; x_wconf 89' lang='lat' dir='ltr'>p.</span> <span class='ocrx_word' id='word_1_439' title='bbox 988 4249 1052 4302; x_wconf 85' lang='grc'><strong>351.</strong></span> <span class='ocrx_word' id='word_1_440' title='bbox 1148 4255 1178 4317; x_wconf 83' lang='grc'>4)</span> <span class='ocrx_word' id='word_1_441' title='bbox 1207 4256 1316 4307; x_wconf 82' lang='lat' dir='ltr'>Ibidem</span> <span class='ocrx_word' id='word_1_442' title='bbox 1334 4254 1355 4317; x_wconf 95' lang='lat' dir='ltr'>I,</span> 
     </span>
     <span class='ocr_line' id='line_1_48' title="bbox 233 4313 824 4383; baseline 0.015 -21"><span class='ocrx_word' id='word_1_443' title='bbox 233 4334 259 4383; x_wconf 87' lang='lat' dir='ltr'>p.</span> <span class='ocrx_word' id='word_1_444' title='bbox 281 4313 343 4365; x_wconf 87' lang='grc'><strong>568.</strong></span> <span class='ocrx_word' id='word_1_445' title='bbox 418 4313 446 4379; x_wconf 85' lang='grc'>5)</span> <span class='ocrx_word' id='word_1_446' title='bbox 466 4316 572 4366; x_wconf 87' lang='lat' dir='ltr'>Ibidem</span> <span class='ocrx_word' id='word_1_447' title='bbox 592 4318 615 4380; x_wconf 94' lang='lat' dir='ltr'>I,</span> <span class='ocrx_word' id='word_1_448' title='bbox 634 4333 660 4382; x_wconf 88' lang='lat' dir='ltr'>p.</span> <span class='ocrx_word' id='word_1_449' title='bbox 680 4316 742 4367; x_wconf 80' lang='grc'><strong>567.</strong></span> <span class='ocrx_word' id='word_1_450' title='bbox 763 4317 824 4371; x_wconf 87' lang='grc'><strong>568.</strong></span> 
     </span>
    </p>
   </div>
   <div class='ocr_carea' id='block_1_10' title="bbox 0 0 1422 4830">
    <p class='ocr_par' dir='ltr' id='par_1_16' title="bbox 0 0 1422 4830">
     <span class='ocr_line' id='line_1_49' title="bbox 0 0 1422 4830; baseline 0 0"><span class='ocrx_word' id='word_1_451' title='bbox 0 0 1422 4830; x_wconf 95' lang='lat' dir='ltr'> </span> 
     </span>
    </p>
   </div>
  </div>
 </body>
</html>
