2804 4830
259 363 309 413 DE
329 361 488 414 UNITATE
508 362 713 416 ECOLESIAE
734 365 1005 418 OONSERVANDA.
1144 369 1194 418 139

72 536 220 590 Providerat
248 536 281 588 de
309 554 442 601 memora,
472 543 502 588 at
528 555 583 589 non
612 536 665 589 sint
690 544 767 590 carlo
795 539 857 604 ipsa
881 537 1035 592 vestimentu
1062 542 1194 594 utentibus

70 624 136 684 aaa,
156 619 203 671 secl
221 627 384 671 mensurata.
431 605 516 668 Nam
538 615 667 670 sanctus
692 606 896 690 Augustinus
919 608 1092 695 episcopus
1114 613 1193 676 scri·

72 688 123 753 bit
143 688 178 750 in
200 685 283 751 libro
306 687 346 752 (lc
369 686 464 753 beata
484 689 588 753 vita¹t
610 704 718 768 Modus,
738 690 897 776 inquiens,
924 707 1021 774 abique
1045 709 1194 760 novandus

70 785 119 841 aet,
140 776 237 843 abique
257 777 399 842 amandus,
418 779 441 829 si
460 779 532 830 nobie
552 779 627 831 corda¹
646 787 683 830 est
703 779 740 831 od
758 779 846 831 Deum
865 780 976 832 reditus.
1008 781 1106 834 Modus
1125 783 1195 834 enim

71 850 159 902 animi
169 859 207 903 est
216 851 357 917 sapientia,
371 869 439 917 quac
453 861 477 904 et
489 853 542 905 Da·
555 860 592 905 est
601 850 743 917 supientia,
753 853 784 904 id
794 859 831 904 est
841 852 974 914 &tristam
987 855 1034 920 qui
1047 855 1195 907 etiamnum

72 932 173 984 veritus
190 933 231 995 sit,
251 929 356 999 nequel
370 936 478 999 ceritas,
497 921 612 1006 lnquit,
630 934 687 986 aine
702 935 777 987 modo
793 953 878 1000 neque
897 936 990 987 modae
1010 937 1066 989 sine
1085 939 1195 991 veritate

69 1024 194 1072 unquam
210 1007 280 1072 suit,
305 1013 329 1059 et
352 1008 524 1063 idoneorum
549 1026 623 1062 omne
648 1010 720 1076 qaod
744 1009 876 1074 loquimur
900 1009 953 1061 Dei
977 1024 1032 1063 esse
1052 1012 1193 1076 probatur.

72 1073 169 1138 Unde
197 1083 229 1138 et
248 1074 410 1138 Dominus
441 1079 586 1142 excitans
616 1079 649 1140 in
675 1075 770 1139 nobis
791 1075 997 1158 intellectum,
1019 1078 1075 1142 ubi
1097 1079 1193 1143 homo

69 1158 115 1222 ad
137 1159 312 1244 imaginem
335 1159 400 1224 Dei
427 1160 533 1226 factus
556 1170 620 1227 est:
652 1162 771 1241 Estote,
798 1160 913 1260 inquit,
937 1161 1086 1245 perfecti,
1110 1166 1353 1246 accinimus.

71 1244 176 1307 Pater
192 1253 294 1309 cester
311 1244 455 1310 caelestis
476 1245 640 1332 perfectas
661 1255 716 1310 est.
752 1245 870 1311 Omma
889 1245 975 1309 enim
995 1247 1028 1309 in
1042 1269 1194 1312 mensura
1204 1252 1300 1304 ons¹²1³·

71 1337 106 1391 et
127 1348 261 1392 numero
284 1337 316 1393 et
337 1327 478 1413 pondere
501 1331 623 1396 creavit
643 1329 743 1398 Deus,
789 1329 940 1415 Optimus
962 1340 1011 1396 est
1031 1340 1137 1396 autem
1159 1333 1194 1397 in
1205 1315 1240 1365 ¹¹’
1250 1315 1286 1355 ⁹¹·

72 1411 164 1475 omni
192 1434 227 1475 re
256 1411 371 1477 modus
398 1423 430 1478 et
459 1413 630 1479 laudabilis
657 1414 778 1500 ubique
799 1434 967 1496 mensura;
996 1430 1193 1482 radinconia

72 1527 178 1577 qaoque
206 1510 285 1563 rebus
314 1512 440 1578 quicquid
467 1515 574 1566 modam
603 1513 742 1566 excesserit
769 1511 862 1564 vitium
891 1520 937 1578 ast,
965 1497 1048 1562 sieut
1080 1496 1194 1562 Hiero-

72 1590 214 1664 nymus²
242 1579 297 1643 ait
340 1579 404 1643 Per
432 1581 696 1646 consuetudinem
730 1589 839 1644 autem
867 1589 919 1644 tur
944 1604 961 1647 e
990 1583 1098 1667 coepit
1128 1604 1195 1647 non

72 1662 189 1741 videri,
218 1664 305 1750 quod
334 1673 383 1728 est
409 1676 512 1751 turpe,
542 1667 618 1751 quia
639 1664 761 1729 recedit
788 1663 894 1749 pudor
914 1603 1099 1731 iolandiente
1121 1689 1195 1732 con-

73 1746 255 1828 suetudine,
287 1747 426 1813 ideone
453 1771 512 1835 pro
542 1748 715 1814 virtutibus
748 1748 909 1812 ducuntur
936 1772 975 1814 ea
1007 1772 1089 1836 quae
1119 1761 1195 1816 sunt

72 1832 199 1914 vitiosa,
229 1842 261 1897 et
288 1854 348 1918 pro
402 1842 543 1899 onestate
571 1855 654 1920 quae
681 1840 755 1896 sunt
780 1831 958 1915 inhonesta,
980 1857 1063 1920 quae
1086 1837 1194 1900 omnia

72 1925 262 2001 peccatores
299 1926 330 1981 et
365 1926 530 2003 apostatae
570 1915 675 2002 angeli
711 1917 777 1980 suis
814 1917 937 1981 artibus
972 1917 1192 2003 prodiderunt,

74 1999 204 2087 quando
233 2000 276 2065 ad
305 2010 431 2067 terrena
461 2003 611 2088 contagia
631 2001 777 2066 devoluti
798 2022 818 2064 a
840 1999 970 2066 caelesti
991 2003 1067 2088 ingo
1089 2024 1193 2069 reces-

73 2093 194 2150 serunt.
238 2085 326 2172 Ergo
353 2084 509 2172 templum
537 2100 568 2152 et
596 2085 696 2150 altare
725 2095 758 2150 et
783 2084 952 2151 adorantes
980 2087 1015 2149 in
1044 2108 1082 2150 eo
1105 2110 1193 2152 men-

73 2180 232 2252 surantur,
262 2171 348 2234 sicut
372 2171 406 2235 in
430 2169 513 2235 libro
536 2169 752 2256 Apocalypsis
773 2168 907 2255 legitur;
936 2171 1053 2234 atrium
1075 2163 1294 2266 autem,s¹,¹'⁰,⁰·,

96 2254 161 2319 uod
183 2254 261 2319 foris
281 2254 437 2340 templum
460 2264 518 2336 est,
540 2255 601 2320 eici
622 2255 708 2318 foras
729 2253 867 2335 iubetur,
888 2262 1009 2318 utnon
1031 2257 1192 2322 metiatur.
1232 2252 1238 2277 '
1263 2252 1269 2266 '
1296 2255 1302 2267 ’

72 2277 226 2404 lnatitudo
249 2339 370 2438 quippe
387 2341 570 2487 praesentis
591 2341 676 2404 vitae
694 2361 755 2437 per
776 2339 892 2402 atrium
915 2338 1125 2423 significatur,
1146 2349 1193 2404 at·

73 2446 136 2511 que
164 2422 238 2487 ideo
265 2431 385 2488 metron
410 2425 421 2486 i
449 2446 515 2488 non
544 2433 619 2489 sunt
648 2445 705 2508 qui
730 2422 808 2487 foris
836 2421 990 2508 templum
1025 2434 1108 2506 sunt,
1137 2425 1193 2511 qui

72 2531 132 2594 per
154 2509 271 2572 atrium
294 2507 512 2593 designantur,
534 2512 611 2594 quia
631 2516 770 2592 angusta
791 2517 884 2592 porta
906 2517 963 2589 est,
992 2530 1074 2594 quae
1103 2509 1193 2574 ducit

72 2593 241 2672 advitam,
264 2601 296 2656 et
316 2591 451 2658 latitudo
473 2595 559 2658 vitae
580 2613 754 2680 pravorum
776 2613 840 2655 non
855 2591 1034 2657 admittitur
1048 2592 1089 2656 ad
1105 2616 1192 2659 men-

72 2699 164 2742 suras
187 2687 219 2740 et
240 2674 367 2760 regulas
390 2676 574 2742 electorum.
617 2675 712 2741 Unde
734 2677 831 2741 etiam
852 2677 1018 2761 praecepit
1039 2679 1074 2741 in
1096 2700 1191 2743 euan-

71 2761 156 2847 gelio
179 2761 350 2842 Dominus,
373 2762 562 2827 constitutos
590 2761 624 2825 in
652 2782 731 2846 agro
761 2769 793 2825 et
820 2762 1006 2845 operatione
1034 2763 1191 2828 virtutum
1200 2762 1282 2805 Mall-

71 2868 136 2911 non
164 2846 284 2911 reverti
309 2854 394 2910 retro
419 2844 471 2910 vel
497 2844 619 2931 aliquid
649 2844 689 2908 de
717 2843 812 2907 domo
838 2845 994 2941 pristinae
1022 2822 1282 2911 conversa-²⁴³&

70 2931 167 2995 tionis
194 2927 313 3011 tollere,
342 2939 374 2995 et
401 2952 442 2994 ne
468 2928 601 2994 alteram
653 2927 760 2992 uidem
784 2936 927 2991 tumeam
949 2927 1070 3011 tollere,
1093 2952 1191 3018 quam

69 3013 209 3100 apostoli
230 3012 442 3113 prohibentur
463 3012 591 3078 habere.
631 2951 701 3078 led
723 3011 800 3098 quia
822 3012 971 3076 ociositas
990 3014 1121 3078 inimica
1142 3018 1281 3080 estflath·

69 3100 207 3181 animae,
229 3099 303 3164 1deo
324 3107 458 3184 propter
479 3119 578 3184 opera
603 3105 727 3161 tantum
754 3096 916 3160 constituit
937 3106 1066 3162 sanctus
1088 3079 1283 3164 Bene-²⁰’¹⁰'

70 3184 178 3248 dictus
206 3181 340 3249 alteram
367 3180 537 3264 cucullam,
568 3203 650 3268 quae
680 3181 799 3246 dicitur
826 3180 1003 3266 scapulare,
1034 3204 1071 3247 eo
1102 3181 1190 3269 quod

69 3267 229 3334 eiusmodi
253 3267 354 3332 vestis
384 3277 460 3352 apta
491 3267 534 3332 sit
562 3276 662 3352 caput
690 3273 813 3331 tantum
842 3273 875 3328 et
900 3263 1049 3351 scapulas
1070 3277 1189 3351 tegere.

71 3353 126 3418 Sic
149 3353 234 3417 enirn
256 3351 368 3416 scribit
389 3360 422 3417 et
443 3350 538 3417 dccet
557 3350 671 3417 beatus
692 3346 854 3414 Basilius³
881 3349 914 3412 in
935 3349 1047 3435 regula
1069 3373 1127 3416 sua
1149 3350 1189 3416 de

68 3437 270 3502 institutione
285 3435 530 3500 monachorum:
552 3451 683 3515 Revera,
701 3434 860 3520 inquiens,
881 3447 1060 3502 necessatium
1075 3450 1188 3514 omrem,

69 3545 139 3593 eum,
158 3525 206 3593 qai
223 3544 351 3578 manuam
364 3543 441 3593 opere
459 3526 501 3578 ati
517 3525 547 3577 in
567 3525 656 3590 aliquo
675 3525 757 3587 debet,
778 3523 928 3589 capeditom
947 3540 1002 3575 esse
1021 3532 1045 3575 et
1063 3523 1092 3575 in
1105 3524 1188 3575 omni-

69 3603 119 3653 bns
133 3607 331 3667 praeparatum
350 3617 382 3652 oc
400 3598 457 3653 ane
475 3601 530 3652 ullo
549 3599 732 3665 impedimento
750 3597 866 3649 inveniri
885 3597 922 3649 ad
935 3613 1009 3648 omna
1022 3596 1084 3648 boni
1102 3597 1189 3664 operia

68 3684 250 3736 minutatum.
291 3666 439 3732 Vidimus
466 3689 524 3731 nos
551 3665 725 3753 aliquando
746 3675 870 3732 vestem
893 3663 1094 3747 cucullatam,
1116 3687 1189 3751 par-

69 3830 92 3883 a)
110 3832 144 3871 els
161 3831 240 3871 amet.
300 3829 324 3882 b)
341 3831 420 3881 alequa
437 3831 464 3881 ¹3
479 3828 598 3869 schardius
613 3829 741 3869 emandavit.

69 3961 98 4027 1)
123 3961 269 4028 Augustini
294 3962 385 4031 Opera
409 3962 431 4026 I,
457 3980 484 4028 p.
504 3962 567 4012 311.
592 3960 656 4012 312.
741 3960 767 4025 2)
793 3960 953 4025 Hieronymi
979 3959 1131 4011 comment.
1160 3960 1189 4009 in

67 4037 178 4089 Esaiam
198 4034 216 4087 1.
236 4036 286 4098 IX,
311 4053 335 4090 c.
355 4038 404 4100 303
434 4037 524 4103 Opera
549 4035 598 4098 IV,
623 4052 650 4100 p.
671 4033 733 4086 411.
808 4034 836 4096 3)
858 4034 885 4087 S.
905 4033 1002 4084 Basilii
1020 4035 1098 4099 Reg,
1117 4049 1187 4099 resp.

67 4109 112 4174 23,
132 4111 224 4175 Opera
237 4109 275 4174 11,
294 4128 321 4177 p.
337 4110 399 4160 368.
413 4109 476 4162 369.
506 4108 548 4161 cf.
567 4107 753 4159 Helmsdllrfer
771 4107 790 4158 l.
806 4123 830 4158 c.
849 4123 877 4173 p.
887 4104 1005 4157 85—90.
1034 4107 1076 4158 De
1090 4108 1189 4158 vestitu

67 4184 258 4234 monachorum
279 4184 312 4236 cf.
327 4182 466 4248 Mabillcn,
485 4181 542 4234 ΔΑ.
557 4181 606 4234 SS.
626 4197 699 4233 saec.
720 4182 767 4245 1v,
782 4180 808 4242 2,
827 4179 912 4246 praef.
932 4197 958 4246 p.
971 4179 1015 4229 71.
1032 4185 1059 4230 et
1072 4196 1145 4231 saec.
1155 4181 1188 4243 V,

66 4257 150 4324 praef.
170 4274 196 4324 p.
213 4257 262 4321 303
282 4258 404 4318 Gerbert,
422 4257 544 4309 Historia
555 4255 657 4322 Nigrae
671 4253 761 4306 Silvae
780 4254 804 4319 1,
823 4272 850 4322 p.
865 4253 933 4317 3403
952 4253 1079 4313 Haeften‚
1098 4254 1187 4305 Bene·

67 4331 155 4384 dictus
174 4331 331 4392 illustratus,
353 4333 491 4398 Antwerp.
511 4329 592 4382 1644.
