2812 4830
248 405 299 457 DE
318 405 477 458 UNITATE
496 406 701 459 EOOLESIAE
725 407 1001 460 CONSERVANDA.
1151 408 1185 457 85

59 573 195 639 Dicitur
223 573 310 637 enim
335 593 395 657 per
416 571 547 637 beatum
569 573 640 655 lob,
667 584 832 660 gerentem
854 574 977 640 scilicet
998 586 1114 662 typum
1134 575 1188 641 vel

64 656 189 725 Christi
204 655 255 723 vel
269 655 438 723 ecclesiae:
455 656 526 722 Atti
540 661 694 724 terminos
708 659 957 740 transtulerunt,
973 660 1187 745 diripuerunt
1197 685 1247 727 roo.
1258 686 1323 740 sus.

62 764 181 891 prsffis
207 751 237 807 st
258 750 429 829 paverunt
457 763 519 810 eos.
564 742 659 808 Unde
688 754 817 809 sanctus
838 754 931 828 pater
953 741 1132 830 Gregorius
1153 746 1188 808 in

65 827 116 894 16.
169 824 322 891 orallum:
345 840 427 907 Quos,
445 826 579 912 inqult¹,
596 842 712 894 aliorum
724 843 829 896 nomine
847 842 902 894 nisi
913 843 1038 895 hereticos
1057 845 1188 911 desiqnat,

65 917 112 985 qui
131 934 151 968 a
168 922 279 969 sauctae
297 917 421 969 escariae
443 917 543 984 psmio
563 916 684 968 extranei
707 915 844 968 esistunt?
883 915 943 982 Ipsi
968 917 1037 968 enim
1063 918 1188 970 terminos

64 991 243 1057 tranferunt,
260 988 326 1057 quia
345 989 540 1042 constitutiones
554 999 667 1056 patrum
680 989 899 1055 praevaricando
914 991 1113 1046 transcendunt.
1145 991 1189 1044 De

64 1062 161 1130 quitus
180 1061 307 1114 nimirum
326 1062 553 1116 constitutionibus
571 1063 697 1129 san'ptum
710 1072 759 1115 est:
779 1063 831 1115 ‘Ns
844 1061 1052 1130 transprediaris
1065 1063 1188 1118 terminos
1197 1077 1265 1118 Prov.
1275 1074 1359 1129 ttae„

65 1143 199 1212 antiquos,
223 1161 289 1210 quos
303 1154 453 1212 posuerunt
472 1153 566 1211 patres
591 1145 646 1197 tui.
686 1144 741 1207 Qut
757 1163 857 1212 prspes,
875 1130 990 1215 lnquit,
1012 1144 1146 1212 diripiunt
1165 1155 1189 1199 et

60 1225 188 1287 pascunt,
207 1217 272 1283 quia
289 1218 424 1286 imperitos
443 1236 559 1284 quosque
574 1218 709 1285 peruersis
735 1219 772 1269 ad
795 1236 822 1269 ss
836 1219 1057 1285 persuasionibus
1077 1219 1189 1272 tradunt

65 1307 90 1354 et
107 1297 239 1354 doctrinis
254 1301 390 1368 pestiferis
409 1303 446 1353 ad
464 1302 674 1368 interficiendum
692 1299 822 1352 nutriant.
860 1288 969 1372 Atque
995 1286 1082 1351 idem
1108 1287 1188 1351 Gre-

63 1369 197 1455 gorius²
218 1369 253 1435 in
267 1367 403 1454 epistola
421 1369 464 1433 ad
478 1368 663 1454 Eulogium,
685 1368 902 1454 patriarcham
917 1369 1189 1436 Alexandrinum:

64 1467 152 1532 Meus,
172 1452 286 1538 inquii,
309 1467 393 1519 donor
406 1473 443 1520 est
461 1466 562 1520 solidus
575 1467 650 1535 uipor
661 1467 786 1533 fratrum
798 1485 916 1520 meorum
935 1478 959 1522 et
971 1479 1033 1521 tunc
1047 1486 1092 1536 eqo
1106 1471 1188 1522 iono-

64 1558 140 1608 ratus
163 1568 232 1612 sum,
257 1568 317 1603 cum
341 1548 452 1618 sinptlis
471 1550 618 1616 quibusque
642 1549 727 1601 honor
746 1549 849 1602 deditus
868 1569 923 1603 non
941 1561 1064 1619 nepatur.
1100 1537 1189 1602 Hinc

18 1696 22 1701 ⁸
63 1618 162 1685 etism
185 1628 218 1683 et
232 1615 382 1684 Gelenius
396 1638 495 1703 papo:
516 1631 592 1684 Aesis
609 1632 665 1694 tou,
685 1617 799 1702 inquit,
822 1632 891 1683 obstr
910 1651 927 1684 o
938 1634 1065 1700 fidetem
1079 1635 1127 1687 tou
1139 1636 1190 1689 uti

63 1709 131 1763 uelle
150 1708 302 1775 quempiam
316 1707 443 1774 arripere,
463 1707 536 1758 unde
555 1703 679 1757 uideatur
697 1707 822 1758 honorem
833 1706 956 1770 fratrum
975 1724 1084 1758 suorrtm
1102 1708 1188 1760 immi-

62 1807 146 1843 uuerc
165 1807 199 1842 cc
218 1791 453 1857 quantulumque
467 1798 556 1854 porse.
591 1771 667 1856 Sed,
689 1774 772 1837 sicut
789 1794 888 1859 supra
910 1774 1030 1838 dictum
1053 1783 1112 1857 est,
1134 1776 1189 1840 alii

60 1858 219 1924 terminos
240 1856 472 1923 transtulerunt
493 1867 524 1922 et
545 1856 587 1920 ad
609 1866 828 1942 contemptum
851 1865 946 1942 atque
973 1858 1015 1922 ad
1036 1860 1188 1924 iniuriam

63 1940 383 2043 metropolitanorum
405 1962 533 2040 quoque
555 1942 781 2028 episcoporum
802 1942 837 2005 in
858 1941 1037 2026 parrochiis
1051 1943 1105 2007 Mo
1130 1966 1187 2008 un-

61 2027 128 2093 tiae
150 2024 246 2091 srmul
267 2034 299 2092 et
314 2024 468 2092 Oolomoe
489 2024 706 2091 ordinationes
727 2026 790 2091 sibi
811 2036 1057 2110 usurpaverunt.
1123 2028 1187 2093 nde

64 2108 239 2177 culinum
268 2109 358 2176 urbis
390 2109 512 2175 Romae
546 2111 718 2196 episcopus
751 2109 909 2174 universis
943 2111 1119 2195 episcopis:
1154 2127 1188 2180 st

63 2201 126 2268 quis
148 2201 366 2268 metropolitauus
393 2200 539 2268 episcopus,
564 2200 620 2252 nisi
643 2201 714 2266 quod
738 2201 775 2252 ad
799 2217 876 2250 suam
895 2200 1056 2253 solummodo
1070 2199 1188 2268 pertinet

59 2275 237 2343 parrochiam
247 2274 399 2342 propriam,
417 2273 474 2326 sine
486 2273 593 2325 consilio
613 2281 637 2325 et
649 2277 783 2326 volumtate
796 2273 912 2325 omnium
925 2274 1187 2339 comprovincialium

64 2349 250 2416 cpiscoporum
261 2357 339 2400 entra
351 2347 455 2413 aliquid
474 2363 551 2414 apere
566 2347 739 2414 temptauerit,
757 2347 859 2416 prodas
878 2345 922 2398 sui
932 2347 1053 2412 periculo
1067 2348 1185 2400 subiace·

63 2431 109 2497 dit,
129 2439 155 2482 et
172 2431 244 2496 quod
262 2431 342 2498 sperit
359 2428 466 2482 irritum
484 2429 615 2482 habeatur
633 2437 657 2482 et
673 2448 796 2482 uacuum.
827 2413 872 2478 Et
885 2414 1001 2478 iterum
1018 2413 1057 2481 (le
1072 2413 1185 2480 eadem

62 2521 99 2564 re
122 2496 289 2564 Callistus:
313 2513 413 2565 Nullus
427 2513 542 2578 primas,
560 2513 650 2564 nullus
672 2512 890 2579 metropolitanus
908 2514 1049 2580 nullusque
1070 2513 1186 2581 reliquo-

62 2607 126 2642 rum
149 2587 331 2656 episcoporum
355 2587 465 2638 alterius
484 2587 564 2638 adeat
582 2584 713 2638 ciuitatem
738 2595 785 2637 aut
804 2588 841 2638 ad
855 2587 1049 2653 possessionem
1068 2589 1186 2651 accedat,

64 2679 135 2731 quae
165 2662 202 2713 ad
226 2679 285 2715 eum
312 2678 366 2712 nan
390 2659 506 2726 pertinet
531 2664 556 2711 et
575 2658 684 2710 alterius
706 2658 822 2726 episcopi
847 2666 903 2713 esta
924 2661 1081 2726 parrochia,
1106 2677 1187 2728 super

62 2735 222 2802 cuiusquam
247 2733 428 2800 dispositione,
450 2732 505 2784 nisi
527 2738 635 2783 uocatus
661 2733 694 2783 ab
715 2751 753 2796 eo,
773 2734 849 2784 cuius
867 2733 935 2784 iuris
955 2750 1010 2786 esse
1029 2733 1185 2797 dinoscitur,

63 2817 94 2862 ut
120 2808 251 2876 quddam
274 2806 314 2858 idi
337 2806 464 2873 disponat
486 2806 530 2857 uel
547 2805 651 2857 ordinet
671 2814 718 2856 aut
736 2806 843 2867 iudicet,
863 2807 887 2856 si
905 2807 949 2856 sui
965 2807 1068 2873 padus
1088 2808 1186 2858 honore

58 2881 147 2951 patiri
165 2879 293 2944 column
312 2879 355 2931 sin
374 2880 453 2931 aliter
466 2879 685 2945 praesumpserit,
706 2877 887 2942 decanatuum
914 2887 938 2929 et
956 2896 1011 2930 non
1029 2881 1114 2931 solum
1132 2880 1186 2944 ille,

61 2957 111 3010 sed
139 2961 308 3022 cooperantes
336 2953 411 3019 eique
439 2952 635 3016 consentientes,
660 2952 734 3017 quia,
758 2952 825 3003 sicut
844 2951 987 3016 ordinatio,
1009 2952 1049 3002 ita
1073 2947 1133 3004 eisb
1163 2960 1187 3004 et

60 3036 193 3092 iudicatio
219 3043 243 3089 et
268 3035 386 3088 aliarum
409 3051 499 3086 rerum
522 3034 659 3101 dispositio
677 3032 844 3100 prohibetur.
882 3018 926 3082 Et
947 3025 983 3083 ut
1003 3020 1186 3104 metropoli-

60 3107 148 3174 tanis
172 3126 232 3170 sua
256 3106 329 3169 iura
357 3111 532 3185 serventur,
562 3103 609 3166 sic
630 3102 725 3166 etism
747 3101 835 3166 Leo⁴
855 3122 952 3188 papa,
974 3102 1058 3167 inter
1079 3113 1187 3167 cetera

63 3189 220 3271 scribens,
242 3187 399 3275 loquitur:
422 3201 575 3254 Secundum
592 3211 744 3254 sanctorum
758 3206 869 3266 patrum
889 3218 1003 3252 canones
1022 3199 1118 3266 spiritu
1133 3200 1187 3253 Dei

63 3279 186 3336 eonditor
214 3285 239 3331 et
266 3279 346 3331 totius
369 3276 465 3330 mundi
490 3274 640 3328 renuentia
669 3282 833 3326 consecratos
857 3274 1071 3340 metropolitanos
1095 3274 1186 3341 sinqu-

64 3356 154 3408 larum
176 3352 380 3421 prouinciarum
414 3350 548 3416 episcopos
577 3348 620 3400 ius
649 3347 765 3399 traditae
795 3345 845 3398 sibi
873 3347 1020 3413 antiquitus
1048 3346 1186 3414 dipnitatis

63 3431 250 3482 intemeratum
268 3425 373 3489 habac,
393 3422 568 3485 decernimus,
589 3421 628 3472 ita
653 3429 683 3472 ut
703 3439 721 3470 a
738 3420 907 3490 reputaridus
922 3421 1090 3487 praestitutis
1108 3421 1186 3472 nulla

63 3520 112 3565 ant
131 3507 293 3579 neplipcntia
312 3515 360 3560 aut
373 3505 592 3575 praesumptione
611 3504 758 3556 discedant.
792 3488 883 3568 Quae
906 3508 978 3551 oum
1001 3489 1048 3552 ita
1069 3489 1133 3553 sint
1155 3497 1186 3552 ei

60 3579 118 3646 ulii
144 3580 200 3666 qui
229 3575 381 3642 dicuntur
401 3573 534 3640 heretici
559 3571 712 3638 terminos
737 3572 966 3653 transtulerint,
993 3593 1067 3637 ecce
1096 3572 1185 3658 apud

61 3668 153 3751 ipsos
181 3664 237 3749 qui
266 3670 341 3727 sunt
365 3656 523 3726 eiusmodi
551 3657 736 3720 scribuntur
765 3678 835 3722 esse
863 3666 974 3721 sancta
995 3656 1060 3724 Dei
1082 3679 1185 3721 sacer-

60 3749 162 3830 dotis,
190 3757 223 3813 st
248 3745 337 3832 opud
365 3743 494 3811 eosdem
524 3739 725 3806 solummodo
753 3741 814 3805 rite
836 3738 990 3806 celebrari
1012 3739 1132 3806 Christi
1155 3750 1187 3805 et

61 3831 219 3902 ecclesiae
252 3837 464 3911 sacramenta,
496 3835 532 3891 ut
563 3826 626 3911 ipsi
657 3826 824 3912 imperitos
852 3847 1007 3911 quosque,
1039 3826 1094 3913 qui
1124 3824 1185 3890 sub

59 3917 193 3985 nomine
220 3936 357 4002 gregum
383 3935 443 3999 per
471 3909 602 3976 beatum
630 3909 690 3974 Iob
718 3910 935 3995 designantur,
960 3910 1122 3995 perversis
1144 3909 1186 3973 ud

61 4128 86 4184 s)
102 4130 135 4170 ita
150 4127 254 4176 Hieran:
270 4127 342 4168 sttsrn
359 4127 381 4165 1.
436 4121 459 4175 b)
475 4123 524 4163 eius
542 4123 563 4164 1.

63 4297 91 4362 1)
122 4295 249 4361 Gregorii
275 4295 366 4360 Opera
394 4293 423 4358 I,
454 4309 481 4358 p.
502 4291 564 4340 522.
659 4285 689 4351 2)
718 4287 842 4351 Gregorii
869 4284 1009 4352 Epistulae
1028 4282 1113 4344 VIII,
1141 4281 1185 4332 29.

62 4373 91 4436 3)
110 4368 261 4422 HInschius
280 4384 307 4434 p.
336 4365 397 4419 139.
473 4363 503 4431 4)
522 4361 592 4413 Ibid.
612 4378 639 4428 p.
660 4360 722 4411 619.
