2812 4830
229 369 282 419 132
412 369 462 418 DE
482 367 640 419 UNITATE
661 367 865 419 EOCLESIAE
886 367 1163 419 CONSERVANDA.

229 538 361 603 credens
382 538 415 599 in
433 537 562 600 nomine
576 535 651 599 Iesu
666 534 786 599 Christi
807 537 979 600 fraternam
1001 534 1150 600 habuerit
1173 536 1341 615 caritatem,

229 621 364 708 Spiritui
394 630 504 686 sancto
531 622 564 682 in
593 643 627 684 se
654 621 795 684 manenti
825 621 1044 685 testimonium
1069 620 1231 705 perhibet,
1257 623 1341 684 iuxta

67 705 315 792 r'.10s;4,1o.quod
336 704 498 771 Iohannes
524 703 687 790 apostolus
718 704 825 769 docet:
858 707 899 768 Ia
930 707 997 785 hoc,
1026 705 1187 790 inquiens,
1218 709 1342 785 scimus,

250 794 384 855 uoniam
399 790 491 853 Deus
510 798 618 852 monet
639 791 677 853 in
700 790 801 868 nobis,
825 791 862 852 ia
877 789 1011 872 Spiritu
1033 812 1126 874 quem
1141 791 1232 855 dedit
1247 790 1342 854 nobis.

262 897 300 938 oc
316 876 401 939 enim
415 875 483 960 agit
499 872 638 959 Spiritus
660 873 694 935 in
709 873 847 952 homine,
869 885 904 937 ut
924 874 959 935 in
979 870 1034 936 illo
1057 874 1099 937 sit
1121 875 1250 955 caritas,
1272 896 1342 958 quo-

90 963 319 1034 uom.s‚s.niom
341 963 476 1040 caritas,
497 959 602 1043 inquit
623 956 753 1039 Paulus,
776 956 901 1042 diffuso
922 967 967 1022 est
987 959 1025 1021 in
1048 959 1202 1023 cordibus
1226 962 1342 1023 nostris

221 1068 286 1128 per
314 1043 476 1128 Spiritum
505 1052 664 1123 sunctum,
694 1043 752 1127 qui
782 1042 880 1105 dotus
906 1051 952 1105 est
978 1042 1081 1106 uobis.
1125 1043 1251 1107 Verum
1273 1064 1342 1128 quo·

149 1195 151 1200 ,
226 1130 313 1192 niam
342 1126 434 1191 multi
468 1127 633 1191 caritatem
660 1148 724 1190 non
756 1124 911 1189 habentes
944 1135 976 1189 et
1004 1127 1160 1191 unitatem
1193 1125 1341 1192 ecclesiae

226 1235 379 1311 perverso
401 1212 552 1296 dogmate
574 1209 754 1274 scindentes
784 1208 990 1273 nihilominus
1012 1211 1171 1297 Spiritum
1201 1221 1341 1275 sanctum

225 1320 259 1361 m
287 1319 321 1361 se
351 1296 433 1397 [esse
442 1295 467 1384 ⁰]
501 1295 706 1377 contendunt,
736 1302 823 1359 recte
851 1316 949 1381 super
978 1294 1027 1358 his
1057 1297 1224 1381 sequentia
1248 1297 1341 1360 saneti

74 1399 153 1441 r.1011.
162 1399 183 1446 4,
195 1401 215 1439 1·
225 1380 376 1446 Iohannis
391 1379 492 1445 verba
513 1401 571 1443 nos
593 1381 773 1443 instruunt:
799 1377 981 1459 Uerissimi,
1004 1378 1038 1442 in
1062 1382 1119 1461 uit,
1142 1381 1243 1445 nolite
1260 1383 1342 1444 omni

226 1467 363 1550 spiritui
378 1465 516 1544 credere,
540 1464 596 1527 sed
614 1463 751 1548 probate
771 1464 921 1548 spiritus,
944 1465 974 1527 si
989 1486 1029 1527 eoo
1040 1403 1113 1528 beo
1136 1465 1246 1545 scoth,
1270 1488 1341 1551 quo·

226 1551 319 1613 aiom
333 1549 428 1614 multi
436 1548 744 1633 pseudoprophetae
759 1549 909 1611 exierunt
929 1549 968 1611 io
982 1549 1153 1612 muudum.
1183 1548 1216 1612 A
1221 1549 1340 1634 fructi-

65 1633 286 1704 maurotus
307 1656 417 1698 eorum
439 1635 637 1717 cognoscetis
658 1655 719 1709 eos,
742 1631 820 1694 dicit
841 1630 1012 1694 Dominus.
1044 1630 1132 1696 Ecce
1154 1633 1243 1696 enim
1265 1655 1342 1696 sum-

226 1739 297 1781 mus
319 1716 467 1803 pontifex
488 1715 572 1779 sedis
588 1714 782 1801 apostolicae
796 1716 941 1799 arguitur
958 1714 1129 1797 mendacii,
1152 1718 1232 1802 quia
1246 1717 1342 1782 humi-

224 1801 307 1866 lians
329 1802 418 1866 sein
440 1801 588 1866 omnibus
610 1821 629 1862 a
653 1798 751 1886 pellat
772 1821 805 1863 se
828 1821 957 1863 servum
980 1821 1147 1865 servorum
1161 1803 1238 1882 Dei,
1261 1801 1342 1888 quod

224 1885 342 1970 legitur
362 1885 477 1951 beatus
498 1907 585 1971 papa
639 1885 783 1969 regorius
806 1884 929 1968 primus
952 1884 1096 1948 omnium
1125 1885 1160 1948 in
1188 1887 1343 1972 principio

226 1969 435 2056 epistolarum
454 1991 585 2033 suarum
601 1967 772 2034 scribendo
792 1969 868 2031 satis
891 1966 1054 2032 humiliter
1068 1968 1232 2053 definisse,
1255 1992 1342 2036 cunc·

225 2055 331 2141 tisque
360 2057 425 2118 suis
454 2051 694 2118 successoribus
723 2053 953 2117 documentum
975 2051 1037 2116 hoc
1060 2076 1136 2119 suae
1157 2055 1342 2120 humilitatis

226 2137 325 2204 dereli
348 2139 466 2203 uissel.
511 2137 565 2202 Sic
594 2159 682 2219 vero,
710 2138 756 2200 sic
785 2137 888 2200 sancti
918 2158 1029 2201 omnes
1055 2160 1114 2223 per
1136 2137 1341 2204 humilitatem

228 2161 440 2288 ascenderunt
461 2221 503 2287 ad
524 2220 750 2287 exaltationem
772 2219 861 2284 illam
882 2220 1062 2303 caelestem,
1084 2221 1125 2287 de
1148 2245 1213 2309 qua
1236 2223 1343 2288 cecidit

228 2305 281 2371 ille
302 2315 449 2393 apostata
470 2304 603 2391 angelus
625 2328 683 2392 per
704 2306 899 2392 superbiam,
922 2307 978 2392 qui
1000 2305 1084 2371 dixit
1103 2308 1137 2369 in
1159 2307 1258 2373 corde
1277 2329 1343 2372 suo:

137 2374 270 2474 ffffi'la
298 2391 424 2456 coelum
451 2393 674 2471 conscendam,
704 2413 803 2474 super·
832 2400 925 2453 ostro
953 2389 1020 2455 Dei
1050 2390 1201 2456 occultabo
1233 2393 1342 2458 solium

192 2503 195 2508 ·
228 2497 332 2539 oneum
354 2479 390 2539 io
405 2485 510 2539 monte
524 2477 714 2555 testamenti,
735 2480 771 2540 iu
790 2473 948 2538 luteribus
971 2475 1148 2561 aquilonis,
1173 2479 1342 2542 ascendum

229 2582 269 2622 su
295 2582 330 2622 er
363 2559 568 2624 altitudinem
600 2558 745 2639 nubium,
778 2559 896 2624 similis
928 2582 982 2624 ero
1016 2560 1196 2625 Altissimo.
1242 2562 1341 2643 Quam

229 2582 351 2706 scilieet
377 2652 506 2706 satanae
533 2641 733 2707 altitudinem
759 2644 926 2707 imitantur
947 2642 980 2707 hi
1030 2645 1063 2707 ui
1090 2654 1166 2709 sunt
1193 2655 1341 2732 exparte

227 2724 323 2807 illius,
346 2748 481 2812 quorum
496 2727 569 2790 finis
584 2727 740 2809 interitus,
763 2727 803 2792 de
820 2728 938 2813 quibus
959 2737 991 2792 et
1004 2667 1178 2792 dsalmista
1191 2728 1342 2817 loquitur:

88 2809 386 2886 rataruDeiecisti
408 2834 470 2893 cos,
491 2811 650 2898 inquiens,
676 2813 754 2876 dum
774 2811 1013 2877 eutollerentur.
1056 2813 1238 2899 Postquam
1265 2816 1340 2880 enim

228 2896 309 2958 moti
330 2904 403 2960 sunt
424 2894 568 2960 homines
592 2896 633 2961 ab
655 2897 776 2960 oriente
805 2907 836 2959 et
857 2907 1056 2961 recesserunt
1077 2919 1097 2960 a
1117 2920 1195 2962 vero
1219 2897 1340 2978 lumine,

227 2986 304 3044 tunc
335 2979 489 3045 adversus
525 2980 633 3044 Deum
666 2981 840 3066 impietatis
872 3001 948 3044 suae
980 2981 1092 3044 turrim
1124 2982 1340 3063 aedificavere,

227 3071 305 3126 tunc
334 3064 521 3149 dogmatum
550 3063 717 3150 superbias
740 3062 974 3146 confinxerunt,
997 3065 1182 3131 curiositate
1205 3067 1340 3132 volentes

227 3169 293 3211 non
314 3147 401 3214 licita
421 3150 455 3212 in
477 3151 580 3235 ipsius
595 3148 675 3213 caeli
695 3146 759 3211 alta
780 3156 964 3233 penetrare3
986 3159 1018 3213 et
1031 3159 1166 3213 vocatus
1188 3161 1239 3216 est
1260 3152 1340 3217 locus

65 3214 96 3256 οῗ·
107 3216 129 3316 ²,
137 3214 217 3315 ²2⁰⁸*
226 3231 280 3296 ille
295 3232 406 3314 Babel,
427 3232 462 3297 id
477 3243 526 3299 est
541 3232 695 3298 confusio.
729 3231 832 3312 Quale
853 3232 1041 3317 mysterium
1062 3233 1244 3319 iniquitatis
1266 3254 1340 3300 nunc

132 3303 138 3327 '
228 3328 378 3403 operatur
405 3340 464 3403 per
486 3318 642 3403 quosdam
677 3319 733 3402 qui
761 3316 911 3380 dicuntur
931 3315 1091 3399 monachi,
1114 3319 1339 3385 confundentes

228 3401 396 3467 ecclesiam
424 3403 545 3486 pariter
572 3411 603 3464 et
632 3423 701 3464 rem
729 3399 894 3486 publicam
922 3422 1073 3486 perverso
1101 3403 1256 3487 dogmate
1279 3424 1338 3482 suo,

229 3488 284 3573 qui
306 3486 515 3551 adversantur
537 3496 568 3549 et
590 3483 746 3548 extollunt
768 3508 801 3549 se
823 3484 978 3548 adversus
1007 3486 1128 3569 regiam
1153 3497 1338 3572 potestatem

229 3579 261 3634 et
278 3570 432 3635 adversus
446 3569 657 3654 apostolicam
672 3569 790 3650 sedem,
812 3578 972 3654 putantes,
994 3568 1175 3653 legitimum
1197 3595 1265 3637 non
1279 3592 1337 3638 esse

227 3677 374 3738 regnum,
394 3653 458 3717 nisi
480 3652 565 3739 quod
587 3675 646 3739 per
661 3653 762 3717 scelus
784 3654 880 3717 fuerit
900 3655 1092 3739 quaesitum,
1113 3677 1173 3720 nec
1194 3657 1336 3722 idoneum

229 3760 299 3801 esse
322 3737 485 3801 Romanae
508 3736 661 3802 ecclesiae
682 3739 880 3824 episcopum,
902 3738 964 3802 nisi
989 3760 1048 3824 per
1091 3760 1165 3802 uem
1187 3743 1336 3826 pandatur

175 3830 180 3840 '
230 3822 379 3886 omnibus
413 3820 560 3886 hereticis
588 3824 684 3886 ianua
713 3830 745 3886 et
776 3823 923 3887 introitus
956 3823 991 3884 in
1023 3759 1107 3887 ovile
1139 3823 1333 3889 dominicum.

229 3905 387 3969 Novimus
410 3904 540 3991 quidem
565 3906 773 3970 domesticam
802 3907 1034 3970 institutionem
1057 3908 1215 3974 eiusmodi
1238 3929 1334 3974 mons·

230 3989 374 4070 chorum,
404 4011 500 4076 quam
522 4013 596 4054 vere
624 4012 794 4076 possumus
816 3989 994 4056 assimilare
1016 3990 1141 4090 siliquis
1162 4013 1332 4080 porcorum,

68 4095 126 4139 une.
137 4095 172 4150 rs,
181 4097 218 4137 rs.
230 4073 270 4137 de
296 4070 411 4159 quibus
437 4096 502 4139 non
528 4075 631 4160 potuit
657 4073 710 4140 ille
733 4076 878 4157 saturari,
906 4097 1002 4161 quem
1024 4075 1103 4141 dicit
1122 4079 1157 4141 in
1179 4074 1332 4163 euangelio

230 4216 253 4269 a)
274 4219 329 4258 deest
346 4220 365 4260 1.
425 4218 449 4271 b)
471 4221 517 4260 sint
536 4220 595 4269 Volo.

233 4332 261 4399 1)
282 4333 322 4384 cf.
342 4333 388 4383 sb.
408 4334 430 4396 1,
452 4351 475 4385 e.
498 4335 540 4385 11.
