2812 4830
256 377 307 426 Du
326 374 485 427 UNITATE
504 373 709 427 ECOLESIAE
732 374 1008 428 CONSERVANDA.
1139 377 1191 426 131

69 555 127 613 est.
179 543 273 608 Unde
306 543 508 627 Augustinus
540 542 749 628 episcopus¹:
787 557 835 608 Uet
864 565 909 620 esc,
940 542 1055 628 inquit,
1084 557 1192 621 cartus,

70 633 110 686 im·
128 651 199 700 parc,
228 640 252 685 et
276 632 322 684 ubi
347 632 491 696 humilitas,
516 630 554 683 ilii
577 630 687 683 caritas.
724 631 872 682 Humilitas
897 632 994 698 quippe
1014 633 1128 698 pertinet
1157 631 1193 682 ad

71 707 274 774 consessionem,
293 707 379 773 quia⁸
392 708 543 773 confitemur
561 723 609 757 uos
623 713 775 771 peccatores
794 721 857 767 esse,
878 707 978 756 caritas
997 714 1084 756 autem
1103 721 1192 770 coope-
1204 714 1357 769 1.Pstr.tr,s.

71 790 107 840 rit
132 788 328 841 multitudinem
348 796 528 854 peccatorum.
565 772 608 836 Et
636 776 785 837 iterum²t
817 786 926 853 Sipnent
953 805 980 839 se
1003 804 1091 839 omnes
1118 785 1194 854 sipno

71 863 160 916 crucis
180 861 285 928 utristi,
310 862 489 928 respondeant
513 879 601 914 amnes
621 880 706 925 amen,
732 869 837 913 cantent
860 877 949 912 omnes
970 861 1089 924 alleluia,
1109 858 1195 924 bapti·

71 945 167 988 rentur
181 953 279 999 omnes,
298 936 398 987 intrent
410 934 553 999 ecclesiam,
565 936 675 1002 fociant
692 936 808 1002 parietes
822 932 1009 996 basilicarum·
1027 951 1081 984 non
1097 933 1194 985 discer-

71 1026 176 1069 imm
197 1017 253 1083 fios
277 1016 330 1068 Det
354 1024 378 1070 u
396 1017 452 1084 flur
474 1017 577 1069 oseem
599 1016 653 1069 nus
677 1018 797 1070 camare.
840 1000 904 1064 Hie
932 1012 980 1066 est
1006 1002 1091 1065 enim
1118 999 1194 1063 eha-

70 1095 179 1149 racter
199 1083 263 1166 ille,
287 1106 350 1185 quo
373 1086 491 1170 signati
513 1106 623 1148 sumus
643 1087 676 1148 in
697 1084 782 1149 diem
804 1085 1033 1170 redemptionis
1055 1093 1192 1165 nostrae,

72 1171 157 1255 quio
178 1168 245 1233 Dei
267 1169 390 1256 diffuso
413 1180 459 1234 est
480 1173 606 1234 caritas
627 1171 664 1233 in
687 1169 838 1234 cordibus
860 1173 980 1234 nostris
1026 1192 1061 1234 er
1082 1169 1332 1260 Spiri-Romg

71 1264 141 1318 tum
162 1262 324 1336 sonetum,
348 1257 407 1339 qui
426 1255 526 1318 datus
547 1263 593 1317 est
613 1254 725 1335 nebim
748 1276 821 1339 quo,
843 1251 966 1317 scilicet
980 1193 1104 1338 Siiiritu
1118 1274 1191 1338 pro·

71 1337 238 1401 missionis
260 1347 381 1420 sancto,
404 1338 488 1401 siout
502 1338 547 1403 ait
561 1336 735 1423 spostolus,
760 1340 886 1424 siponti
901 1340 985 1402 estis.
1020 1335 1101 1402 Sed:
1126 1334 1341 1420 Quinpfflo,

73 1431 272 1506 acceperant
301 1424 521 1487 characterem
549 1421 667 1487 bestius
696 1431 724 1486 et
746 1423 890 1486 adorant
909 1424 1088 1509 imaginem
1111 1425 1192 1502 eius,

70 1508 166 1571 missi
187 1509 323 1570 suntin
345 1516 499 1593 stuprum
521 1508 612 1593 ipris
635 1516 663 1569 et
684 1504 865 1591 sulpriuris,
895 1506 952 1571 uti
977 1515 1021 1571 est
1043 1506 1144 1571 bestia
1165 1515 1194 1569 et

65 1591 389 1676 psendoprophetae,
419 1600 447 1653 et
473 1590 711 1655 cruciabuntur
741 1591 793 1654 die
824 1615 862 1655 ac
885 1599 975 1655 nocte
1001 1589 1194 1655 insaecula
1346 1653 1349 1656 .

72 1674 291 1755 saeculorum,
324 1675 405 1739 siout
427 1673 544 1738 dicitur
565 1675 598 1737 in
621 1674 820 1759 Apocalypsi
841 1695 900 1760 per
921 1674 1098 1739 Iohannem
1119 1675 1356 1776 spo-A12332100220·

72 1756 199 1827 stolum.
241 1759 345 1843 Igitur
365 1757 423 1821 filii
444 1759 509 1821 Dei
531 1767 564 1823 et
584 1756 641 1821 filii
663 1757 783 1823 diaboli
805 1757 1029 1823 discernuntur
1051 1759 1193 1840 caritate,
1266 1763 1273 1788 ’
1312 1763 1319 1777 ’

72 1865 115 1908 ex
144 1864 208 1927 qua
236 1843 393 1927 contingit
420 1841 637 1907 membrorum
659 1843 814 1907 unitatem
836 1841 1042 1925 concordare,
1070 1844 1131 1925 eth,
1162 1845 1194 1907 si

68 1929 204 2012 patitur
233 1951 335 1991 unum
364 1927 547 2007 membrum,
575 1929 819 2012 compatiuntur
849 1931 958 1992 omnia
986 1927 1137 2008 membro,
1165 1935 1356 2006 eticornspe.

73 2014 104 2075 si
154 2010 298 2077 loriatur
326 2034 426 2074 unum
456 2011 641 2093 membrum,
671 2011 878 2110 congaudent
906 2014 1017 2076 omniu
1038 2010 1190 2077 membra.

73 2035 152 2160 Seri
157 2095 213 2181 qui
227 2095 462 2180 assumptiones
484 2095 580 2159 falsas
603 2107 635 2159 et
649 2096 819 2159 eiectiones
833 2093 999 2159 viderunt:
1020 2095 1100 2161 Non
1117 2117 1192 2179 pec-

72 2181 231 2262 cavimus,
260 2181 418 2265 inquiunt,
448 2183 530 2265 quia
552 2202 618 2263 pro
641 2202 675 2244 eo
704 2181 791 2265 quod
807 2189 1026 2262 peccaverunt
1048 2180 1191 2244 Domino

72 2265 153 2328 iaec
202 2265 271 2328 assi
293 2273 379 2328 sunt.
420 2263 512 2328 Haeo
535 2271 607 2327 sunt
628 2264 727 2329 verba
749 2284 869 2343 eorum,
892 2264 947 2349 qui
968 2264 1130 2349 pertinent
1150 2261 1192 2326 sd

71 2285 285 2432 Babyliinem,
312 2347 354 2411 sd
382 2356 540 2412 terrenum
570 2347 692 2412 scilicet
713 2348 885 2429 civitatem,
908 2348 964 2434 qui
986 2359 1060 2412 sunt
1080 2346 1192 2412 adver·

72 2432 151 2496 sarii
179 2443 211 2496 et
236 2430 343 2496 hostes
372 2431 583 2513 Hierusalem,
615 2454 697 2519 quae
725 2433 952 2517 interpretatur
980 2433 1062 2496 visio
1116 2433 1191 2514 acis,

71 2517 165 2580 cuius
194 2514 397 2580 adversarius
431 2527 479 2580 est
506 2537 632 2603 quoque
664 2524 759 2602 atque
791 2516 892 2580 hostis
919 2539 979 2581 rex
1005 2455 1332 2602 Babyionisnfmns.

71 2602 129 2687 qui
150 2608 263 2685 utpote
285 2622 399 2686 gerens
421 2602 610 2685 mysterium
628 2599 757 2683 diaboli,
777 2601 933 2687 principis
953 2600 1047 2665 huius
1069 2600 1192 2683 mundi,

71 2685 178 2749 erexit
214 2684 275 2748 sibi
309 2694 446 2750 statuam
479 2694 590 2749 eontra
622 2684 731 2750 Deum
764 2683 854 2766 eseli,
887 2695 922 2748 ut
954 2685 1088 2750 adorent
1118 2707 1192 2748 eum

72 2790 185 2833 omnes
219 2769 273 2855 qui
305 2789 371 2831 non
397 2769 557 2854 pertinent
585 2768 626 2832 sd
657 2769 821 2834 civitatem
847 2769 920 2850 Dei,
954 2769 1065 2854 quoles
1095 2771 1191 2834 etiam

70 2863 148 2917 sunt
175 2850 312 2917 cultores
340 2875 565 2939 perversorum
595 2851 791 2938 dogmatum,
823 2873 905 2937 quae
931 2861 1006 2916 sunt
1026 2854 1191 2918 doctrinae

70 2946 103 3002 et
124 2936 278 3001 mandata
299 2935 473 3019 hominum,
497 2935 614 3023 quibus
637 2945 748 3021 utpote
763 2937 964 3002 venientibus
987 2947 1097 3002 eontra
1117 2938 1191 3002 doo-

69 3022 189 3086 trinam
219 3019 338 3085 Christi
368 3042 434 3084 non
466 3031 515 3085 est
546 3019 622 3086 ‘ave’
651 3019 832 3102 dicendum,
866 3043 908 3084 ne
937 3022 1353 3095 communicetmsmhrnn,

70 3104 224 3189 malignis
246 3105 397 3191 operibus
420 3126 540 3169 eorum.

155 3191 207 3254 42.
237 3189 304 3254 Sed
319 3212 419 3276 neque
435 3192 493 3254 lzoc
512 3189 798 3275 praetereundum,
821 3189 979 3273 inquiunt,
1001 3191 1088 3274 quod
1100 3190 1188 3275 Wip·

69 3275 180 3338 bertus
203 3297 236 3337 se
252 3297 378 3338 servum
393 3296 558 3338 seruorum
574 3274 639 3337 Dei
660 3276 807 3337 nominat
827 3275 1018 3354 mentiendo,
1041 3282 1189 3338 sanctam

69 3381 143 3424 uero
173 3367 307 3422 matrem
335 3359 510 3440 ecclesiam,
539 3358 577 3421 id
605 3367 650 3420 est
671 3354 764 3439 filios
785 3357 860 3437 Dei,
891 3359 949 3442 qui
979 3359 1102 3442 spiritu
1123 3357 1189 3421 Dei

69 3451 231 3530 aguntur,
274 3465 391 3507 uorum
407 3443 608 3508 conversatio
630 3440 782 3506 incaelis
805 3451 859 3522 est,
882 3465 1086 3529 synagogam
1101 3452 1189 3506 sotu-

67 3551 133 3591 mae
158 3466 314 3625 appellat.
346 3526 434 3612 Ergo
457 3527 609 3612 quisunt
654 3525 759 3590 aoifici
779 3526 813 3589 hi
835 3524 985 3589 dicuntur
1006 3548 1026 3588 a
1045 3526 1186 3590 Domino
1196 3553 1275 3596 uam.
1284 3554 1305 3606 s,
1314 3554 1338 3598 o.

67 3610 127 3674 filii
149 3610 224 3692 Der,
253 3619 284 3673 et
313 3612 368 3696 qui
396 3611 563 3674 caritatem
591 3548 710 3674 haient
736 3607 770 3671 hi
797 3611 945 3695 spiritum
968 3609 1033 3674 Dei
1057 3609 1326 3694 habentium.

67 3693 154 3759 Nam
184 3696 218 3757 in
246 3695 380 3759 exordio
408 3696 568 3759 nascentis
596 3693 749 3760 ecclesiae
779 3696 867 3758 venit
890 3693 1026 3780 Spiritus
1057 3705 1187 3760 sanctus

67 3801 168 3865 super
191 3776 366 3860 credentes,
392 3788 424 3843 et
451 3777 664 3864 loquebantur
688 3777 821 3862 linguis;
848 3800 934 3842 nunc
965 3789 1083 3861 autem,
1112 3781 1188 3865 quia

67 3863 283 3929 exterioribus
314 3864 414 3948 signis
447 3870 557 3927 sancta
586 3862 723 3927 ecclesis
750 3882 814 3925 non
842 3862 974 3947 indiget,
1003 3864 1187 3950 quicunque

66 4079 91 4133 s)
108 4092 156 4131 que
171 4080 265 4131 dumne.
330 4079 355 4132 b)
373 4083 398 4120 ot
414 4081 435 4121 1.

68 4277 97 4346 1)
122 4281 239 4345 August.
258 4278 329 4330 Prol.
349 4282 375 4329 et
393 4281 471 4328 tract.
493 4277 517 4328 l.
542 4275 570 4325 in
595 4274 652 4325 Ioh.
674 4275 752 4341 epist.
772 4274 807 4324 ad
826 4275 947 4339 Parthos,
972 4276 1062 4342 Opere
1086 4276 1139 4339 III,
1160 4275 1185 4338 2,

67 4371 94 4421 p.
114 4354 178 4404 826.
200 4351 264 4404 830.
338 4351 457 4417 2)1bid.
477 4366 502 4401 c.
522 4349 548 4410 3,
567 4354 645 4400 trsot.
666 4348 691 4411 6,
710 4366 737 4414 p.
757 4347 819 4400 860.
917 4428 952 4478 9*
