2812 4830
238 366 304 417 XVI
694 363 909 415 PRAEFATIO.

331 531 507 596 Waltranio
528 533 742 614 praepositus
770 540 841 594 erat
867 531 1052 615 Hurtuipus
1083 532 1363 617 archiepiscopus,

262 618 299 680 ui
338 639 360 678 a
393 615 553 714 Gregorio
584 638 680 699 papa
713 616 806 677 stetit.
859 613 893 677 is
933 615 1101 678 ordinauit
1139 616 1363 688 Waltrarnurn.

241 638 370 764 lleinde
393 699 484 763 nolis
506 708 702 778 narratur1,
725 698 874 762 coenobio
890 697 1088 783 Pepaoiensi
1110 721 1131 760 a
1146 701 1259 763 comite
1278 702 1364 788 Wip·

241 783 328 846 berto
351 793 513 847 ercstructo
543 791 571 846 et
601 805 690 846 anno
716 783 806 847 1095.
832 781 991 867 perfecto,
1019 783 1221 868 Hurtvipurn
1254 785 1364 849 arclii·

242 868 431 951 episcopum
452 866 480 929 7.
493 867 567 930 Kal.
580 866 666 952 Aup.
684 866 775 929 1096.
790 866 971 951 Pepaoians
986 868 1111 930 venisse
1126 877 1164 947 ct,
1188 891 1366 952 cooperan-

242 951 329 1015 tibus
351 952 381 1014 ei
399 950 503 1014 tribus
524 953 687 1035 episcopis
703 949 847 1014 Albuino
869 951 1141 1036 Merseburpensi,
1163 952 1367 1017 Walrobano

245 1034 383 1115 Cizensi,
398 1034 531 1098 Ezelino
547 1034 815 1120 Haoelberpensi,
831 1035 1017 1098 coenobium
1032 1057 1245 1100 consecrasse.
1273 1037 1363 1101 Non-

243 1118 329 1182 nulli
351 1120 504 1183 homines.
518 1119 604 1182 docti
626 1119 689 1182 liae
711 1121 747 1182 in
763 1142 798 1182 re
814 1117 1017 1203 effenderunt
1039 1142 1139 1204 eaque
1152 1121 1363 1203 potissimum

237 1205 380 1287 pernroti
411 1212 497 1284 sunt,
530 1212 566 1266 ut
597 1202 719 1266 librum
747 1203 787 1266 de
812 1205 939 1266 unitate
966 1202 1038 1266 eccl.
1062 1225 1150 1266 cons.
1186 1204 1362 1269 Waltrarno

243 1289 395 1371 episcopo
409 1286 659 1371 Numburpensi
674 1286 863 1351 abnuerent
890 1286 1003 1371 Neque
1019 1289 1104 1351 enirn
1117 1286 1198 1369 fieri
1215 1290 1363 1372 potuisse

238 1380 371 1453 putant,
399 1380 434 1433 ut
464 1371 517 1433 nic
544 1374 715 1454 episcopus
739 1371 949 1456 Hartuipurn,
978 1372 1100 1455 quippe
1150 1374 1188 1435 ui
1213 1375 1243 1436 ei
1259 1395 1361 1455 prae·

233 1453 369 1536 fuisset,
392 1477 463 1517 eurn
479 1454 673 1534 ordinasset,
696 1477 769 1518 curn
791 1477 825 1518 eo
849 1477 918 1517 una
940 1454 1033 1538 apud
1050 1394 1247 1540 quenuu
1270 1459 1363 1520 corni·

242 1537 443 1621 ternfuisset,
458 1537 626 1602 nonnullis
641 1538 720 1602 locis
734 1538 813 1602 libri
831 1540 886 1602 sui
895 1539 1211 1622 pseudoepiscopum
1227 1540 1292 1623 (II,
1304 1541 1361 1621 35)

244 1631 339 1706 atque
361 1625 459 1686 etiam
480 1621 613 1686 stulturn
629 1632 796 1705 pastorem
818 1623 883 1706 (II,
904 1622 962 1703 25)
986 1645 1059 1685 curn
1081 1623 1227 1706 quadani
1249 1633 1360 1687 contu-

242 1705 340 1770 rnelia
362 1705 553 1790 appellaret.
598 1704 696 1770 Talia
710 1705 827 1790 facere
849 1727 917 1769 non
939 1706 1040 1770 solurn
1068 1707 1280 1790 impudentis,
1309 1707 1363 1771 sed

242 1792 341 1853 etiarn
361 1790 581 1873 imprudentis
603 1812 679 1870 esse,
702 1812 775 1854 curn
797 1790 848 1853 tis
870 1791 975 1854 uerbis
995 1791 1062 1853 oirn
1083 1799 1112 1853 ct
1135 1794 1361 1855 anctoritatem

242 1897 322 1938 suae
343 1876 451 1960 ipsius
474 1875 699 1939 ordinationis
720 1875 849 1938 tolleret.
893 1874 938 1936 At
949 1872 1024 1957 fuit
1045 1883 1123 1937 tunc
1145 1877 1300 1959 temporis
1322 1899 1360 1939 ne

243 1980 313 2021 una
343 1959 473 2044 quidem
498 1961 685 2043 provincia,
711 1959 748 2022 in
793 1981 838 2021 ua
861 1979 968 2021 omnes
989 1960 1138 2042 episcopi
1158 1959 1244 2022 idern
1266 1961 1362 2022 senti·

243 2053 315 2106 rent
336 2052 366 2107 et
386 2066 451 2107 non
461 2041 676 2128 praeclarum
697 1983 790 2107 illuri
800 2043 943 2106 Terentii
963 2064 1035 2104 uere
1051 2043 1175 2105 dictum
1195 2065 1263 2106 esse
1278 2066 1358 2128 pro-

243 2126 375 2191 barent:
398 2133 407 2166 ‘
429 2138 484 2190 uot
506 2129 649 2191 homines
671 2135 716 2189 tot
737 2128 935 2190 senteutiae’.
979 2124 1124 2205 Accedit,
1152 2127 1239 2211 quod
1261 2129 1363 2212 scrip-

244 2212 325 2274 toris
347 2151 521 2295 apolopiae
543 2218 674 2273 nostrae
695 2211 873 2274 inimicitia
901 2217 1017 2273 contra
1044 2232 1171 2294 papam
1194 2232 1363 2296 omnesque

266 2297 303 2356 ui
319 2294 358 2357 ab
375 2316 409 2356 eo
425 2303 550 2356 starent
571 2303 652 2357 certe
674 2315 741 2356 non
763 2295 871 2378 rnapis
894 2303 973 2356 nota
996 2295 1144 2357 omnibus
1157 2294 1243 2378 fuit,
1288 2319 1364 2359 uarn

245 2315 432 2457 ll'altrarni,
460 2379 518 2460 qui
547 2399 579 2440 se
610 2378 839 2440 adversarium
863 2399 975 2460 papae
1002 2377 1152 2461 epistulis
1182 2379 1227 2442 ad
1283 2380 1363 2444 udo-

245 2462 352 2524 vicunt
380 2463 522 2524 comitem
551 2462 670 2542 (1094)
701 2470 730 2522 et
758 2461 804 2524 ad
832 2460 1019 2524 Anselntunr
1049 2461 1167 2544 (1098)
1199 2463 1287 2526 datis
1313 2485 1364 2528 esr-

245 2544 361 2608 lriluit.
393 2544 492 2624 Noni,
509 2566 581 2607 cuns
599 2544 798 2609 Waltranius
821 2546 860 2608 ob
877 2545 1041 2630 Hartoipo
1056 2548 1154 2609 initio
1171 2549 1255 2610 anni
1272 2547 1363 2611 1091.

246 2629 419 2691 ordinatus
450 2637 545 2713 atque
577 2628 658 2692 liber
691 2630 748 2714 qui
780 2639 825 2692 est
856 2629 894 2692 de
924 2631 1050 2692 unitate
1078 2631 1149 2694 eccl.
1180 2653 1267 2694 cons.
1299 2654 1364 2694 non

246 2721 322 2776 ante
345 2734 470 2776 annun
490 2712 580 2775 1093.
603 2716 641 2776 in
663 2713 782 2799 culpus
804 2713 909 2776 editus
932 2716 984 2792 sit,
1007 2723 1088 2778 certe
1111 2736 1177 2777 non
1200 2715 1258 2778 loc
1282 2715 1364 2780 libro

247 2805 305 2860 aut
339 2799 512 2878 scriptoris
543 2795 663 2880 infesto
697 2799 807 2861 aninlo
839 2797 1030 2880 impeditum
1063 2820 1129 2861 esse
1163 2798 1363 2884 Hartoipuns

246 2879 471 2965 intellepirnus,
495 2883 669 3029 warinus
691 2884 878 2965 episcopum
902 2881 1081 2944 ordinaret.

329 2964 381 3027 De
409 2967 479 3030 nita
545 2965 678 3030 altrami
705 2967 853 3050 episcopi
881 2965 967 3028 nilsil
996 2965 1139 3049 anplius
1171 2974 1283 3029 uotum
1311 2976 1364 3046 est,

267 3049 334 3112 uod
356 3049 401 3114 ad
415 3049 453 3114 id
466 3050 555 3135 quod
577 3072 636 3114 nos
659 3052 859 3136 quaerimus,
882 3072 960 3112 nuni
977 3051 1120 3132 scriptor
1134 3070 1200 3112 esse
1220 3052 1364 3133 potuerit

245 3071 324 3198 libri
352 3136 466 3216 nostri,
493 3136 679 3218 pertineat;
710 3135 778 3197 nisi
806 3134 865 3196 loc
894 3155 997 3196 unum
1024 3133 1087 3195 leuc
1114 3129 1247 3216 spectat,
1278 3133 1365 3217 quod

244 3241 285 3282 su
310 3241 396 3284 renio
424 3220 541 3284 aetatis
572 3240 652 3281 suae
682 3226 740 3279 ren
768 3238 821 3279 ore
849 3215 895 3279 ad
947 3225 1033 3279 artes
1055 3239 1170 3300 popae
1196 3220 1333 3282 transiit
1342 3229 1363 3279 ¹.

246 3301 413 3366 Gorificat
425 3303 533 3365 Deum
555 3302 589 3362 in
611 3323 662 3364 me
684 3239 841 3362 catiolica
863 3239 1009 3380 ecclisia,
1032 3301 1183 3385 quoniam
1206 3301 1240 3363 in
1258 3312 1366 3366 nostra

244 3388 421 3450 mutatione
444 3385 571 3449 divinae
592 3382 744 3446 bonitatis
766 3404 808 3467 ap
833 3392 902 3448 aret
923 3385 1036 3468 gratia.
1072 3383 1185 3448 Gratia
1207 3383 1271 3448 Dei
1295 3407 1364 3448 sum

246 3469 280 3533 id
312 3469 398 3554 quod
432 3490 517 3550 sum3
550 3489 592 3531 ex
621 3466 719 3531 Saulo
747 3468 794 3531 Pa
830 3489 881 3549 us3
914 3490 957 3531 ex
984 3467 1169 3532 adversario
1202 3469 1365 3532 Romanae

246 3553 403 3618 ecclesiae
428 3553 560 3616 intimus
582 3549 730 3615 Paschali
752 3573 867 3638 papae,
889 3551 1132 3635 acceptissimus
1155 3550 1365 3616 cardinalium

246 3639 515 3718 consecretarius,
538 3644 570 3700 et
590 3637 622 3698 in
646 3635 793 3699 omnibus
819 3636 853 3698 in
879 3635 940 3698 hac
962 3645 1053 3720 parte
1075 3657 1248 3721 prosperos
1272 3657 1366 3721 spero

246 3743 424 3785 successus.
468 3721 586 3805 Ioseph
607 3722 642 3782 in
664 3719 759 3784 domo
781 3718 967 3800 Pharaonis,
998 3740 1058 3802 ego
1083 3721 1118 3782 in
1139 3718 1257 3804 palatio
1282 3722 1366 3784 Hen-

246 3806 305 3868 rici
331 3806 541 3890 imperatoris
585 3806 793 3890 Ipnoruntus,
824 3825 887 3887 quo
916 3825 1006 3867 anno
1032 3804 1112 3867 laec
1146 3803 1289 3887 epistula
1320 3805 1365 3868 ad

246 3888 434 3954 Anselnruns
463 3892 563 3953 missa
590 3892 643 3970 sit,
673 3890 729 3953 sed
754 3889 792 3951 id
818 3897 899 3951 certe
928 3894 1063 3968 constat,
1094 3887 1180 3951 hanc
1202 3889 1307 3952 studii
1329 3912 1365 3951 ac

246 3974 423 4038 uoluntatis
445 3975 482 4038 in
510 3973 687 4038 Waltranro
710 3973 998 4050 commutationem,
1025 3972 1120 4035 cuius
1141 3969 1201 4034 illa
1223 3972 1366 4054 epistula

246 4060 336 4122 testis
364 4069 419 4139 est,
450 4081 514 4122 non
540 4067 615 4121 ante
636 4066 765 4121 mortun
789 4055 928 4119 Henrici
949 4055 973 4117 I
976 4055 1007 4119 V.
1029 4064 1058 4119 et
1079 4055 1254 4118 consiliunt
1279 4054 1366 4120 Gua-

248 4261 275 4324 1)
295 4261 363 4380 Anqn.
383 4260 483 4381 Pagus.
503 4258 538 4309 ad
558 4274 582 4309 a.
599 4257 677 4318 1096,
698 4257 748 4308 SS.
768 4257 841 4319 XVI,
860 4273 886 4322 p.
901 4256 965 4306 245.
1040 4256 1067 4319 2)
1090 4257 1118 4310 S.
1137 4255 1259 4305 Ansslmi
1278 4257 1367 4322 Opera

247 4350 273 4400 p.
289 4335 321 4382 13
343 4335 416 4382 -14
437 4369 443 4383 .
