2812 4830
245 355 295 408 DE
314 355 472 410 numana
491 353 696 411 accursum
717 355 991 413 CONSERVANDA.
1128 361 1179 414 119

64 534 94 590 et
115 525 149 588 in
171 525 327 590 virtutum
354 524 484 610 specula
506 535 580 590 sunt
602 529 774 607 constituti,
797 527 999 614 appellantur
1020 527 1098 595 Sion
1120 555 1177 597 -:

62 609 236 696 dereliquit
257 633 305 674 me
321 611 484 675 Dominus
507 619 535 673 et
554 612 716 676 Dominus
739 612 855 678 obiitus
876 625 921 679 est
941 616 1023 696 mei,
1046 615 1099 679 cui
1120 638 1342 701 permessius.

59 694 216 759 Hesaiam
238 692 426 842 prophetam
448 695 620 779 respondet
641 695 817 762 Dominus:
843 699 1010 783 Nunquid
1033 700 1179 767 obliuisci

54 788 163 864 potest
183 802 239 843 usu
255 781 302 843 ier
322 779 486 863 infantem
508 802 613 860 suuni,
635 790 760 846 utnon
782 786 976 847 miserentur
988 783 1064 865 filio
1094 786 1180 850 uteri

56 863 136 928 sui?
166 872 195 926 et
223 864 253 927 si
281 861 343 927 iiio
366 862 464 927 oblita
477 863 598 947 fuecit,
624 887 683 951 eqo
704 874 812 930 tomen
834 888 900 931 non
923 868 1098 932 obliviscar
1118 871 1177 951 tui,

60 949 142 1012 dicit
171 947 345 1012 Dominus.
387 948 491 1011 Nemo
520 950 607 1012 enirn
640 972 787 1034 unquam
820 973 951 1016 earnem
978 973 1073 1016 sunni
1102 955 1178 1018 odio
1188 975 1248 1026 npn.
1257 975 1278 1029 o,
1288 975 1323 1019 sa

61 1032 188 1113 lubuit,
215 1031 272 1095 sed
294 1034 399 1096 nutrit
420 1041 449 1094 et
461 1031 555 1113 fouet
580 1054 650 1096 eum
672 1037 757 1097 sicut
779 1043 808 1098 et
832 1033 980 1100 Ciuistus
1001 1036 1177 1102 ecclesium.

59 1117 182 1197 imunt,
202 1115 315 1200 inquit,
338 1116 402 1180 duo
417 1117 454 1180 in
470 1138 569 1180 earne
590 1139 671 1197 unu,
694 1118 846 1216 quoniam
860 1117 1056 1204 Redemptor
1070 1130 1179 1186 noster
1187 1145 1219 1186 n.
1229 1145 1265 1188 ει.

59 1222 136 1265 eum
166 1210 277 1264 sancta
305 1198 449 1281 ecclesia,
478 1221 575 1284 quam
595 1200 741 1284 redemit,
764 1202 941 1266 secundum
963 1224 1091 1268 carnem
1112 1225 1178 1268 una

55 1283 240 1348 substantia
261 1293 310 1348 est
332 1293 447 1348 etune
468 1305 616 1369 persona.

145 1369 196 1432 38.
239 1367 327 1432 Ecce
353 1389 422 1447 nos,
450 1369 506 1466 qui
534 1390 633 1433 unum
661 1368 815 1435 eeclesiae
843 1368 1038 1435 catholicum
1060 1392 1176 1457 eorpus
1186 1383 1311 1441 (xxxva)

56 1473 251 1518 veneramur
264 1463 360 1538 atque
375 1450 548 1537 dilig1mus,
563 1475 632 1529 nos,
647 1454 789 1540 inquam,
804 1454 1043 1554 descripsimus,
1058 1465 1179 1542 quantu

56 1534 217 1602 brevitate
267 1537 416 1619 otuimus,
445 1533 554 1623 quales
577 1538 640 1602 sint
659 1548 714 1604 aut
734 1537 852 1604 fuerint
872 1540 967 1624 pnmi
989 1537 1029 1604 de
1050 1539 1179 1625 partici-

56 1621 158 1708 pibus
185 1558 398 1702 Hildebranti,
429 1631 465 1685 ut
495 1622 570 1704 iam,
604 1623 631 1684 si
664 1622 777 1709 possit,
806 1625 1008 1709 praepositae
1040 1626 1179 1711 scriptor

59 1704 216 1791 epistolae
243 1704 394 1769 defendat
421 1715 546 1790 partem
574 1706 625 1769 sui
651 1707 754 1792 ipsius
785 1705 944 1792 Gregorii,
972 1709 1065 1773 iuxta
1091 1708 1177 1795 quod

56 1790 218 1876 promittit
244 1787 307 1871 ille,
334 1811 541 1874 praesumens
569 1788 744 1876 plurimum
774 1790 814 1855 de
842 1813 900 1854 sua
920 1792 1051 1872 iustitia,
1079 1814 1285 1890 quamnam

53 1884 89 1938 et
111 1875 237 1961 quaerit
259 1882 407 1954 statuere,
430 1874 583 1957 ignorans
605 1884 702 1954 certe,
725 1875 808 1939 sicut
828 1873 994 1960 apostolus
1016 1877 1071 1958 nit,
1094 1899 1177 1962 quae
1203 1877 1292 1960 1'0‚s,'

56 1959 100 2023 sit
131 1959 195 2023 Dei
222 1957 354 2022 iustitia.
397 1957 477 2038 Quis
503 1959 551 2021 uis
577 1958 662 2022 enim
690 1959 723 2021 in
749 1967 850 2023 semet
874 1960 981 2044 ipsum
1012 1960 1178 2025 descendit

56 2052 89 2108 et
123 2041 210 2108 beati
241 2041 352 2106 Iacobi
379 1980 516 2127 apostili
545 2043 646 2107 verba
675 2042 826 2126 attendit,
858 2043 974 2142 quibus
1004 2044 1097 2109 dicit:
1133 2047 1294 2120 quena

57 2128 170 2192 multis
197 2125 391 2212 ffendimus
419 2149 535 2207 omnes,
562 2148 627 2190 non
656 2125 750 2192 facile
774 2127 889 2191 divion
918 2150 952 2192 se
974 2137 1030 2192 aut
1049 2138 1176 2213 separat

56 2234 77 2276 a
92 2211 254 2276 consortio
269 2209 451 2296 aliquorum
472 2231 532 2296 pro
548 2232 586 2274 eo
602 2211 689 2296 quod
704 2213 767 2276 sint
789 2220 994 2297 peccatores,
1017 2213 1112 2297 quia:
1135 2213 1176 2278 Si

57 2297 258 2377 disserimus,
287 2295 391 2381 inquit
419 2293 578 2358 Iohannes
607 2294 790 2380 apostolus,
820 2298 976 2382 quonium
1006 2306 1274 2381 peccatum-1011-

57 2404 126 2445 non
155 2380 317 2458 iubemus,
343 2380 412 2463 ipsi
439 2402 500 2443 nos
522 2380 714 2462 seducimus,
737 2389 765 2444 et
790 2385 911 2445 ueritas
932 2383 970 2444 in
992 2382 1085 2445 nobis
1107 2369 1295 2446 non¹’⁸'¹⁰'

52 2473 112 2529 est.
160 2463 254 2537 Quod
283 2465 314 2527 si
343 2463 554 2545 confiteamur
569 2474 710 2549 peccota
737 2474 862 2546 nostru,
883 2463 996 2545 fidelis
1019 2476 1047 2528 et
1067 2468 1175 2530 iustus

57 2559 104 2614 est
126 2549 228 2628 Deus,
253 2556 289 2611 ut
317 2550 458 2611 remittat
485 2549 578 2612 nobis
595 2558 733 2632 peccato
759 2559 873 2614 nostra
895 2558 924 2613 et
945 2551 1094 2613 emundet
1114 2573 1175 2615 nos

58 2633 99 2697 ob
129 2633 218 2697 omni
244 2633 429 2715 iniquitute.
473 2631 514 2696 Si
542 2633 736 2714 disserimus,
759 2635 916 2718 quoniam
938 2657 1004 2698 non
1022 2637 1174 2718 peccuni-

55 2740 141 2797 onus,
171 2717 356 2780 mendacem
383 2737 454 2780 eum
474 2716 637 2862 parimus,
665 2727 694 2794 et
721 2718 851 2780 uerbum
882 2720 953 2781 eius
982 2740 1049 2781 non
1071 2728 1117 2783 est
1138 2719 1175 2782 in

56 2802 162 2867 nobis.
195 2799 249 2863 Ex
270 2798 320 2862 his
342 2797 427 2864 beati
441 2800 478 2863 Io
503 2800 593 2862 annis
615 2799 752 2885 apostoli
765 2799 873 2864 verbis
888 2798 1059 2885 colligitur,
1078 2801 1176 2889 quod,

55 2886 85 2951 si
105 2906 201 2950 nemo
229 2906 263 2947 sc
290 2884 408 2948 iustum
436 2884 613 2968 profitetur,
643 2882 701 2948 sed
723 2883 826 2946 omnis
849 2905 883 2948 se
905 2893 1107 2968 peccatorem
1128 2909 1177 2951 re-

38 2968 228 3054 cognoscit
259 2977 291 3032 et
319 2967 499 3032 confitetur:
529 2990 570 3030 ex
602 2965 668 3048 his,
698 2967 848 3052 inquam,
882 2965 1056 3052 colligitur,
1089 2969 1177 3055 quod

56 3052 204 3119 membra
231 3052 293 3116 sibi
318 3052 459 3116 invicem
488 3052 731 3137 compatiantur,
756 3059 788 3115 et
808 3049 927 3114 faciant
954 3072 1065 3116 omnes
1088 3053 1175 3138 quod

56 3137 224 3224 praecepit
250 3147 281 3202 et
309 3135 404 3201 docet
429 3134 602 3221 apostolus,
620 3137 702 3220 flere
736 3159 808 3199 oum
827 3135 996 3218 flentibus,
1029 3138 1337 3222 paudereaomaars.

53 3248 133 3288 eum
160 3222 390 3308 gaudentibus,
420 3223 613 3285 sustinentes
641 3221 780 3284 inuicem
808 3221 846 3283 in
878 3218 1058 3301 dilectione,
1091 3223 1331 3296 satiamus.

55 3330 87 3389 o,
105 3316 192 3371 entes
223 3327 353 3370 seruare
385 3307 542 3369 unitatem
570 3306 709 3389 spiritus
741 3305 779 3369 in
812 3305 1039 3368 coniunctione
1063 3307 1173 3388 pacis.

57 3332 156 3458 Ulrde
178 3397 210 3454 ct
232 3387 415 3488 Cyprianus
437 3390 610 3474 episeopus
632 3389 665 3451 in
685 3387 767 3452 libro
796 3385 836 3452 de
856 3387 1029 3472 patientiae
1050 3386 1173 3452 bono1:

54 3491 158 3554 Esset,
179 3474 293 3559 inqult,
319 3494 405 3552 eooess,
428 3488 552 3554 probauit
580 3488 722 3554 apostolus,
750 3504 798 3539 neo
825 3485 953 3538 unitatem
971 3487 1076 3538 seruari
1093 3504 1174 3554 posse

54 3581 106 3616 nee
121 3579 225 3629 punem,
243 3561 297 3613 nisi
314 3579 342 3614 se
354 3562 466 3613 inuicem
472 3562 577 3628 fratres
589 3570 684 3612 mutuo
696 3560 837 3614 tolerantie
848 3560 963 3626 foveant
982 3567 1006 3611 et
1018 3560 1175 3613 concordiae

52 3647 195 3700 uinculum
205 3645 340 3711 patientie
351 3642 538 3696 interueniente
553 3642 709 3696 custodient.
747 3628 845 3692 quta
860 3626 946 3713 quod
961 3626 1076 3691 lterum
1096 3626 1175 3694 (licit

56 3712 239 3800 apostolus:
269 3713 346 3777 Non
375 3714 447 3776 sitis
476 3711 544 3776 oitn
566 3713 740 3796 sapientes,
764 3713 821 3777 sed
843 3709 1019 3776 humilibus
1041 3733 1339 3786 consen-sommas.

56 3802 190 3879 tientes,·
220 3795 356 3861 humiles
386 3796 506 3943 quippe
535 3804 610 3859 sunt
630 3797 797 3861 unanimes
823 3803 854 3860 ct
874 3794 1011 3880 pacifici,
1034 3797 1089 3881 qui
1111 3819 1176 3861 non

55 3882 182 3947 faciunt
214 3882 373 3962 scismata,
405 3902 439 3944 se
491 3881 622 3966 superbi
653 3880 774 3945 faciunt
806 3901 853 3961 ea,
885 3877 995 3965 quales
1028 3880 1177 3945 dicuntur

56 3965 235 4048 Pharisaei,
265 3965 339 4051 quia
365 3986 423 4063 per
453 3963 565 4028 falsam
594 3964 748 4063 iustitiam
777 3971 866 4062 sunt·
879 3965 1040 4062 auceteris
1069 3963 1175 4063 divisi.

56 4050 154 4117 Siout
175 4051 261 4115 enim
283 4048 395 4114 scribrt
415 4049 557 4114 Isidorus
578 4059 771 4134 episcopus²
792 4070 825 4111 m
846 4044 936 4111 lsbns
958 4046 1176 4135 Etymologra-

54 4213 82 4268 a)
99 4215 236 4265 demeum.

57 4331 87 4395 l)
108 4330 239 4398 Cypriani
258 4329 347 4398 Opera
365 4345 393 4396 p.
413 4326 475 4380 408.
550 4325 578 4390 2)
598 4323 696 4376 Isidori
715 4326 804 4392 Opera
823 4325 877 4387 ΙΙΙ,
896 4343 922 4393 p.
942 4325 1006 4376 349.
