2812 4830
209 376 244 426 ⁷4
390 377 441 427 DE
460 374 618 428 UNITATE
637 374 842 427 nccnsslss
862 372 1140 426 consulturum.

209 553 397 609 exercentes
418 543 540 630 praelia
562 554 594 609 et
612 534 786 608 seditiones¹
806 552 839 608 et
858 542 1109 608 dominationem
1133 550 1327 628 spernentes,

209 629 409 693 maiestatem
435 639 543 694 autem
574 626 846 712 blasphemantes;
874 627 929 713 qui
951 625 1141 692 extulissent
1166 648 1202 691 se
1233 647 1328 711 super

208 710 409 777 altitudinem
424 714 534 797 regiae
547 713 714 798 potestatis
738 721 770 777 et
783 711 972 776 restitissent
987 710 1184 776 ordinationi
1202 709 1327 775 divinae

210 796 438 895 dispositionis,
467 797 692 861 transferentes
718 818 753 860 re
801 818 820 860 a
846 804 877 860 et
904 795 1103 881 negligentes
1133 793 1325 877 sacerdotia3

209 902 265 966 qur
287 880 383 944 etiam
404 883 544 966 pessimo
567 901 624 943 suo
648 902 765 967 exemp
779 902 809 962 0,
832 901 894 966 quo
917 888 1023 944 essent
1046 880 1178 966 periuri,
1204 879 1326 943 docuis-

210 973 281 1029 sent
303 963 487 1030 obedientes
509 965 571 1030 sibi
591 963 739 1028 infideles
758 986 828 1030 esse
851 973 945 1050 atque
967 962 1109 1045 fallaces;
1141 964 1199 1049 qui
1221 963 1324 1045 etiam,

209 1057 321 1133 utpote
342 1059 593 1133 transgressores
607 1048 787 1112 divinarum
803 1047 1077 1133 humanarumque
1096 1045 1220 1132 legum,
1241 1048 1325 1112 insti·

208 1135 344 1197 tuissent
373 1155 447 1198 suos
474 1155 603 1220 quoque
631 1142 805 1197 sectatores
827 1132 945 1196 divinis
966 1130 1180 1218 humanisque
1202 1131 1323 1217 legibus

208 1240 279 1282 esse
300 1216 541 1300 inobedientes,
567 1217 621 1303 qui
645 1216 750 1299 etiam,
772 1225 883 1302 utpote
903 1215 1074 1281 violatores
1096 1215 1323 1280 ecclesiastico·

208 1325 279 1365 rum
312 1301 425 1386 privile
450 1302 562 1383 orum,
614 1302 809 1366 ermisissent
844 1300 984 1364 fautores
1019 1301 1162 1387 partium
1199 1320 1323 1365 suarum

208 1408 322 1471 rapere
353 1395 384 1450 et
439 1386 555 1472 iripere
588 1322 673 1449 bona
705 1394 736 1449 et
765 1407 816 1449 res
849 1384 1066 1466 ecclesiarum,
1099 1393 1137 1448 ut
1169 1383 1324 1449 eiusmodi

208 1470 353 1534 homines
380 1478 487 1534 essent
515 1467 576 1533 sibi
605 1469 819 1555 promptiores
841 1467 883 1531 ad
905 1489 999 1532 omne
1020 1468 1110 1533 nefas
1131 1468 1322 1550 audendum,

209 1553 327 1640 quibus
349 1575 392 1618 ex
406 1552 635 1618 consuetudine
656 1554 720 1616 iarn
743 1553 834 1639 quasi
855 1553 889 1616 in
910 1562 1056 1616 naturam
1071 1573 1168 1617 versa
1190 1562 1242 1618 est
1262 1551 1324 1616 dul·

210 1637 290 1702 cedo
312 1639 578 1719 coniurationum,
605 1639 790 1723 rapinarum
812 1647 907 1724 atque
928 1636 1195 1720 homicidiorum3
1220 1636 1323 1725 quales

209 1720 333 1786 scilicet
347 1723 492 1809 episcopi
507 1742 572 1785 non
586 1731 692 1787 essent
705 1731 850 1807 pastores
865 1720 1081 1803 eeclesiarum,
1105 1721 1162 1786 sed
1178 1722 1324 1787 ductores

208 1804 374 1887 bellorum,
400 1828 466 1871 non
492 1806 640 1871 custodes
668 1805 900 1871 dominicarum
929 1807 1048 1886 ovium,
1077 1805 1135 1870 sed
1156 1815 1194 1871 ut
1214 1827 1324 1893 graves

207 1888 276 1976 lupi
304 1900 525 1976 persecutores
552 1912 672 1972 earum,
700 1890 919 1955 interfectores
946 1890 1126 1954 animarum
1153 1892 1277 1977 pariter
1296 1897 1324 1954 et

209 1997 391 2060 corporum,
414 1997 489 2039 cum
510 1975 572 2060 ipsi
594 1975 636 2039 ad
658 1973 793 2040 tuendas
814 1985 922 2060 partes
944 1995 1018 2038 suas
1048 1973 1104 2038 diu
1126 1973 1324 2061 multumque

207 2059 258 2124 usi
272 2059 408 2124 fuissent
421 2059 570 2125 manibus
584 2059 755 2144 impiorum
773 2058 814 2122 ad
830 2058 1023 2123 occisionem
1040 2058 1215 2123 multorum
1228 2058 1324 2123 homi·

127 2157 197 2213 (XIX)
208 2166 295 2208 num.
323 2143 388 2209 Sed
407 2166 481 2208 cum
499 2142 579 2208 tales
596 2154 682 2208 certe
699 2144 818 2208 fuerint
833 2143 978 2228 episcopi
994 2141 1156 2207 Saxoniae
1171 2152 1205 2208 et
1222 2143 1323 2208 defen-

208 2249 295 2291 sores
323 2226 545 2309 Hildebranti,
576 2229 625 2291 sui
654 2226 777 2292 seilicet
802 2247 916 2312 papae,
942 2225 1193 2312 praesumebant
1221 2236 1324 2293 tamen

207 2311 426 2396 frequentibus
459 2310 604 2376 conciliis
641 2333 674 2374 se
707 2333 846 2396 suosque
878 2320 1051 2376 sectatores
1083 2311 1262 2376 iustificare
1296 2319 1324 2376 et

209 2395 409 2459 Henrichum
423 2417 543 2480 regem,
567 2416 662 2480 quern
683 2396 694 2457 i
719 2396 745 2458 si
766 2396 969 2480 potissimum
991 2395 1032 2459 de
1046 2417 1146 2480 regno
1163 2396 1323 2460 Saxonise

209 2475 408 2564 expulerant,
438 2478 591 2542 damnare
620 2418 827 2564 eiusdemque
854 2478 1066 2543 damnationis
1093 2488 1207 2544 notam
1228 2481 1324 2565 impo

209 2584 284 2627 nere
306 2563 467 2648 episcopis
490 2572 587 2710 atqpe
607 2562 809 2662 principibus
838 2572 870 2628 et
891 2562 1039 2628 omnibus
1064 2565 1125 2712 (qui
1151 2563 1323 2629 communi·

210 2655 320 2710 carent
334 2649 364 2711 ei
386 2656 418 2711 et
432 2646 488 2732 qui
502 2669 541 2710 su
564 2648 640 2711 iectr
660 2657 766 2712 essent
780 2649 820 2713 ei.
852 2647 992 2733 Ideoque
1007 2655 1062 2711 tan
1087 2669 1138 2711 em
1153 2646 1322 2735 aliquando
1349 2660 1351 2664 '

210 2731 419 2794 constitutum
440 2740 497 2813 est,
519 2730 791 2797 consentientibus
813 2732 961 2816 utrinque
983 2731 1091 2879 episco
1115 2732 1153 2814 is,
1175 2743 1213 2798 ut
1231 2753 1324 2797 causa

209 2813 324 2899 longae
345 2815 601 2897 concertationis,
646 2838 706 2881 uae
727 2838 792 2881 non
838 2815 917 2879 ossit
935 2835 995 2879 con
1021 2818 1051 2880 ci
1071 2754 1199 2902 gladiis,
1221 2816 1323 2882 tenni-

209 2908 341 2963 naretur
367 2898 466 2980 libris,
496 2837 689 2965 laetantibus
717 2837 892 2964 admodum
913 2897 1013 2982 laicis,
1036 2923 1173 2986 quorum
1196 2901 1323 2989 sanguis

210 2982 330 3047 effusus
364 2993 412 3049 est
442 2993 490 3050 tot
520 2983 665 3072 praeliis,
695 2984 783 3070 quod
813 2982 855 3048 ad
886 2983 948 3048 hoc
1004 2995 1170 3050 erventum
1203 2988 1261 3070 sit,
1291 2993 1324 3050 ut

209 3089 267 3153 per
295 3069 385 3154 ipsos
413 3080 559 3135 auctores
587 3068 663 3135 belli
691 3077 802 3132 contra
828 3090 938 3153 regem
1002 3070 1169 3134 enrichum
1199 3069 1323 3137 decerni

210 3150 334 3234 debeat,
362 3152 450 3239 quod
478 3153 524 3219 ibi
553 3155 675 3219 iustitia
700 3155 750 3235 sit,
771 3152 857 3217 unde
879 3153 1016 3216 victoria
1036 3153 1144 3235 fuerit,
1166 3175 1241 3219 cum
1264 3153 1322 3220 tale

209 3235 362 3300 iudicium
404 3238 561 3314 veritatis,
605 3237 692 3325 quod
734 3236 884 3302 facillime
927 3259 970 3302 ex
1004 3235 1094 3303 libris
1130 3240 1322 3324 agnoscitur,

208 3342 273 3384 non
302 3321 403 3405 possit
429 3320 481 3386 vel
507 3319 575 3385 falli
600 3320 652 3386 vel
677 3321 796 3388 fallere.
839 3322 893 3386 Fit
919 3331 1094 3387 conventus
1119 3322 1155 3386 in
1175 3321 1249 3388 loco
1313 3323 1320 3336 '

133 3403 325 3469 rosudicitur
353 3403 561 3488 Gerstungun
590 3406 639 3470 13.
664 3406 738 3470 Kal.
768 3406 947 3486 Februarii,
974 3427 1059 3470 anno
1085 3405 1210 3472 scilicet
1235 3346 1321 3472 lOdb.

75 3484 78 3492 ’
209 3487 250 3552 ab
285 3488 504 3552 incarnatione
536 3487 698 3555 Dominil.
746 3490 831 3554 Tum
862 3489 967 3576 primo
1000 3488 1216 3555 Ohuonradus
1250 3490 1321 3554 Tra

210 3572 360 3636 iectensis
392 3569 545 3634 ecclesiae
578 3573 763 3658 episcopus:
795 3573 911 3654 ‘Ecce’,
944 3573 1058 3659 inquit,
1092 3575 1262 3657 ‘venimus
1289 3581 1322 3638 ut

210 3655 384 3741 probemus
407 3677 448 3718 ex
463 3655 643 3719 testimonio
662 3667 844 3722 sanctorum
867 3678 1037 3738 canonum,
1058 3679 1124 3721 non
1139 3656 1322 3724 damnatum

211 3761 281 3803 esse
309 3736 360 3803 vel
386 3740 701 3804 excommunicatum
728 3763 837 3826 regem
864 3748 1010 3805 nostrum
1029 3740 1244 3825 Henrichum,
1265 3743 1321 3825 cui,

211 3823 239 3885 si
265 3843 330 3885 non
358 3830 509 3907 poterunt
535 3823 686 3908 prodesse
715 3823 803 3910 apud
824 3845 883 3888 vos
908 3846 947 3889 ea
976 3846 1058 3912 quae
1078 3824 1224 3912 legitime
1247 3827 1321 3892 ordi·

211 3915 287 3970 nata
315 3918 389 3970 sunt
417 3928 438 3970 a
462 3905 532 3970 Deo
561 3908 648 3971 circa
672 3907 826 3973 honorem
853 3909 988 3994 regium,
1016 3907 1128 3974 saltem
1158 3910 1223 3976 hoc
1256 3933 1322 3976 con·

211 3988 326 4070 cedite,
353 3998 390 4054 ut
415 4010 453 4054 eo
482 4000 589 4055 utatur
610 3993 690 4074 iure,
713 4014 777 4079 quo
799 4015 842 4056 ex
861 3992 981 4078 regulis
1003 3991 1233 4060 ecclesiasticis
1255 4016 1323 4060 con·

211 4095 339 4138 cessum
367 4082 416 4138 est
442 4075 489 4138 uti
517 4073 568 4140 vel
594 4075 722 4140 infimae
749 4076 783 4140 in
805 4074 940 4141 ecclesia
960 4079 1136 4163 personae'.
1180 4079 1226 4146 Et
1247 4079 1324 4146 dixit

209 4156 253 4220 ad
273 4156 476 4221 Wezelinum
496 4157 703 4245 Moguntinae
725 4160 878 4226 ecclesiae
900 4162 1100 4247 episcopum,
1125 4173 1163 4230 ut
1184 4171 1325 4251 surgeret

212 4366 239 4425 1)
257 4366 328 4418 Anu.
347 4367 517 4432 Yburgenses
534 4367 652 4429 tradunt,
672 4369 738 4422 duos
758 4376 904 4423 conventus
922 4373 950 4421 in
969 4371 1035 4422 villa
1054 4372 1232 4441 Gerstungun
1257 4381 1324 4428 setes

210 4455 280 4505 esse,
299 4440 414 4491 alterum
434 4456 460 4494 s.
481 4440 561 4506 1084,
581 4441 692 4493 alterum
712 4459 737 4495 s.
759 4442 829 4494 1085
848 4441 897 4510 (cf.
918 4444 968 4498 SS.
987 4445 1061 4506 XVI,
1080 4463 1108 4514 p.
1128 4448 1209 4515 438).
