<?xml version="1.0" encoding="UTF-8"?>
<!DOCTYPE html PUBLIC "-//W3C//DTD XHTML 1.0 Transitional//EN"
    "http://www.w3.org/TR/xhtml1/DTD/xhtml1-transitional.dtd">
<html xmlns="http://www.w3.org/1999/xhtml" xml:lang="en" lang="en">
 <head>
  <title>
</title>
<meta http-equiv="Content-Type" content="text/html;charset=utf-8" />
  <meta name='ocr-system' content='tesseract 3.04.00' />
  <meta name='ocr-capabilities' content='ocr_page ocr_carea ocr_par ocr_line ocrx_word'/>
</head>
<body>
  <div class='ocr_page' id='page_1' title='image "./waltramiutvidet00schwgoog_0031.png"; bbox 0 0 2812 4830; ppageno 0'>
   <div class='ocr_carea' id='block_1_1' title="bbox 218 371 1160 424">
    <p class='ocr_par' dir='ltr' id='par_1_1' title="bbox 218 371 1160 424">
     <span class='ocr_line' id='line_1_1' title="bbox 218 371 1160 424; baseline 0.004 -4"><span class='ocrx_word' id='word_1_1' title='bbox 218 372 236 420; x_wconf 81' lang='lat'>4</span> <span class='ocrx_word' id='word_1_2' title='bbox 409 371 459 421; x_wconf 84' lang='lat' dir='ltr'><strong><em>DE</em></strong></span> <span class='ocrx_word' id='word_1_3' title='bbox 479 371 638 423; x_wconf 82' lang='lat' dir='ltr'>UNITATE</span> <span class='ocrx_word' id='word_1_4' title='bbox 658 371 863 423; x_wconf 59' lang='lat' dir='ltr'><strong><em>scona-‘nan</em></strong></span> <span class='ocrx_word' id='word_1_5' title='bbox 884 372 1160 424; x_wconf 74' lang='lat' dir='ltr'><strong><em>consanvannA.</em></strong></span> 
     </span>
    </p>
   </div>
   <div class='ocr_carea' id='block_1_2' title="bbox 54 539 1345 1726">
    <p class='ocr_par' dir='ltr' id='par_1_2' title="bbox 54 539 1345 1462">
     <span class='ocr_line' id='line_1_2' title="bbox 218 539 1345 625; baseline 0.002 -21"><span class='ocrx_word' id='word_1_6' title='bbox 218 541 296 604; x_wconf 91' lang='lat' dir='ltr'><strong><em>stati</em></strong></span> <span class='ocrx_word' id='word_1_7' title='bbox 318 563 385 604; x_wconf 88' lang='lat' dir='ltr'><strong><em>non</em></strong></span> <span class='ocrx_word' id='word_1_8' title='bbox 408 548 478 603; x_wconf 86' lang='lat' dir='ltr'><strong><em>erat</em></strong></span> <span class='ocrx_word' id='word_1_9' title='bbox 500 539 602 619; x_wconf 85' lang='lat' dir='ltr'><strong><em>utilis,</em></strong></span> <span class='ocrx_word' id='word_1_10' title='bbox 626 562 647 602; x_wconf 90' lang='lat' dir='ltr'><strong><em>a</em></strong></span> <span class='ocrx_word' id='word_1_11' title='bbox 668 561 769 625; x_wconf 78' lang='lat' dir='ltr'><strong><em>repno</em></strong></span> <span class='ocrx_word' id='word_1_12' title='bbox 792 540 942 623; x_wconf 88' lang='lat' dir='ltr'><strong><em>deposuit</em></strong></span> <span class='ocrx_word' id='word_1_13' title='bbox 964 548 993 601; x_wconf 90' lang='lat' dir='ltr'><strong><em>et</em></strong></span> <span class='ocrx_word' id='word_1_14' title='bbox 1008 539 1200 623; x_wconf 88' lang='lat' dir='ltr'><strong><em>Pippinum,</em></strong></span> <span class='ocrx_word' id='word_1_15' title='bbox 1226 541 1345 606; x_wconf 83' lang='lat' dir='ltr'><strong><em>Caroli</em></strong></span> 
     </span>
     <span class='ocr_line' id='line_1_3' title="bbox 219 623 1344 709; baseline 0.004 -23"><span class='ocrx_word' id='word_1_16' title='bbox 219 625 340 709; x_wconf 80' lang='lat' dir='ltr'><strong><em>Mapni</em></strong></span> <span class='ocrx_word' id='word_1_17' title='bbox 368 625 579 708; x_wconf 87' lang='lat' dir='ltr'><strong><em>imperatoris</em></strong></span> <span class='ocrx_word' id='word_1_18' title='bbox 598 632 738 707; x_wconf 89' lang='lat' dir='ltr'><strong><em>patrem,</em></strong></span> <span class='ocrx_word' id='word_1_19' title='bbox 760 625 794 686; x_wconf 91' lang='lat' dir='ltr'><strong><em>iu</em></strong></span> <span class='ocrx_word' id='word_1_20' title='bbox 821 633 890 686; x_wconf 85' lang='lat' dir='ltr'><strong><em>etus</em></strong></span> <span class='ocrx_word' id='word_1_21' title='bbox 918 624 987 688; x_wconf 80' lang='lat' dir='ltr'><strong><em>ioco</em></strong></span> <span class='ocrx_word' id='word_1_22' title='bbox 1021 623 1196 704; x_wconf 70' lang='lat' dir='ltr'><strong><em>substituit,</em></strong></span> <span class='ocrx_word' id='word_1_23' title='bbox 1230 647 1344 690; x_wconf 90' lang='lat' dir='ltr'><strong><em>omues</em></strong></span> 
     </span>
     <span class='ocr_line' id='line_1_4' title="bbox 217 705 1341 792; baseline 0.003 -22"><span class='ocrx_word' id='word_1_24' title='bbox 217 708 445 792; x_wconf 79' lang='lat' dir='ltr'><strong><em>Franeipenas</em></strong></span> <span class='ocrx_word' id='word_1_25' title='bbox 468 731 490 770; x_wconf 94' lang='lat' dir='ltr'><strong><em>a</em></strong></span> <span class='ocrx_word' id='word_1_26' title='bbox 510 706 887 787; x_wconf 83' lang='lat' dir='ltr'><strong><em>iuramentofldebitatis,</em></strong></span> <span class='ocrx_word' id='word_1_27' title='bbox 910 730 1008 792; x_wconf 83' lang='lat' dir='ltr'><strong><em>quam</em></strong></span> <span class='ocrx_word' id='word_1_28' title='bbox 1027 705 1079 770; x_wconf 83' lang='lat' dir='ltr'><strong><em>illi</em></strong></span> <span class='ocrx_word' id='word_1_29' title='bbox 1090 706 1259 791; x_wconf 76' lang='lat' dir='ltr'><strong><em>fecerant,</em></strong></span> <span class='ocrx_word' id='word_1_30' title='bbox 1285 712 1341 774; x_wconf 90' lang='lat' dir='ltr'><strong><em>ab·</em></strong></span> 
     </span>
     <span class='ocr_line' id='line_1_5' title="bbox 217 790 1340 875; baseline 0.001 -21"><span class='ocrx_word' id='word_1_31' title='bbox 217 792 321 858; x_wconf 87' lang='lat' dir='ltr'><strong><em>soluit.</em></strong></span> <span class='ocrx_word' id='word_1_32' title='bbox 364 791 407 854; x_wconf 79' lang='lat' dir='ltr'><strong><em>Et</em></strong></span> <span class='ocrx_word' id='word_1_33' title='bbox 428 790 522 875; x_wconf 85' lang='lat' dir='ltr'><strong><em>longe</em></strong></span> <span class='ocrx_word' id='word_1_34' title='bbox 544 802 678 874; x_wconf 86' lang='lat' dir='ltr'><strong><em>supra¹:</em></strong></span> <span class='ocrx_word' id='word_1_35' title='bbox 708 791 747 853; x_wconf 90' lang='lat' dir='ltr'><strong><em>Ut</em></strong></span> <span class='ocrx_word' id='word_1_36' title='bbox 769 790 807 853; x_wconf 89' lang='lat' dir='ltr'><strong><em>de</em></strong></span> <span class='ocrx_word' id='word_1_37' title='bbox 829 790 950 871; x_wconf 89' lang='lat' dir='ltr'><strong><em>multis,</em></strong></span> <span class='ocrx_word' id='word_1_38' title='bbox 972 790 1087 874; x_wconf 90' lang='lat' dir='ltr'><strong><em>inquit,</em></strong></span> <span class='ocrx_word' id='word_1_39' title='bbox 1105 813 1222 874; x_wconf 89' lang='lat' dir='ltr'><strong><em>pauca</em></strong></span> <span class='ocrx_word' id='word_1_40' title='bbox 1243 793 1340 857; x_wconf 86' lang='lat' dir='ltr'><strong><em>diea-</em></strong></span> 
     </span>
     <span class='ocr_line' id='line_1_6' title="bbox 77 873 1341 976; baseline 0.002 -38"><span class='ocrx_word' id='word_1_41' title='bbox 77 935 102 973; x_wconf 66' lang='lat' dir='ltr'>M</span> <span class='ocrx_word' id='word_1_42' title='bbox 118 933 151 975; x_wconf 52' lang='lat' dir='ltr'><strong><em>nh</em></strong></span> <span class='ocrx_word' id='word_1_43' title='bbox 169 934 197 976; x_wconf 57' lang='lat'><strong><em>1⁶</em></strong></span> <span class='ocrx_word' id='word_1_44' title='bbox 217 898 298 956; x_wconf 88' lang='lat' dir='ltr'><strong><em>mus,</em></strong></span> <span class='ocrx_word' id='word_1_45' title='bbox 328 878 401 960; x_wconf 83' lang='lat' dir='ltr'><strong><em>quis</em></strong></span> <span class='ocrx_word' id='word_1_46' title='bbox 428 877 564 960; x_wconf 79' lang='lat' dir='ltr'><strong><em>ipnorat</em></strong></span> <span class='ocrx_word' id='word_1_47' title='bbox 591 896 696 938; x_wconf 85' lang='lat' dir='ltr'><strong><em>uocem</em></strong></span> <span class='ocrx_word' id='word_1_48' title='bbox 724 875 851 938; x_wconf 89' lang='lat' dir='ltr'><strong><em>domiui</em></strong></span> <span class='ocrx_word' id='word_1_49' title='bbox 873 898 911 938; x_wconf 88' lang='lat' dir='ltr'><strong><em>ao</em></strong></span> <span class='ocrx_word' id='word_1_50' title='bbox 934 873 1112 938; x_wconf 83' lang='lat' dir='ltr'><strong><em>saluatoris</em></strong></span> <span class='ocrx_word' id='word_1_51' title='bbox 1134 879 1241 939; x_wconf 91' lang='lat' dir='ltr'><strong><em>nostri</em></strong></span> <span class='ocrx_word' id='word_1_52' title='bbox 1263 877 1341 940; x_wconf 89' lang='lat' dir='ltr'><strong><em>Iesu</em></strong></span> 
     </span>
     <span class='ocr_line' id='line_1_7' title="bbox 54 947 1340 1045; baseline -0.001 -20"><span class='ocrx_word' id='word_1_53' title='bbox 54 1026 58 1045; x_wconf 27' lang='grc' dir='ltr'><strong>ξ</strong></span> <span class='ocrx_word' id='word_1_54' title='bbox 95 947 204 1039; x_wconf 56' lang='grc' dir='ltr'><strong><em>ιῖζιο]</em></strong></span> <span class='ocrx_word' id='word_1_55' title='bbox 219 959 342 1025; x_wconf 77' lang='lat' dir='ltr'><strong><em>Christi</em></strong></span> <span class='ocrx_word' id='word_1_56' title='bbox 362 960 399 1022; x_wconf 90' lang='lat' dir='ltr'><strong><em>in</em></strong></span> <span class='ocrx_word' id='word_1_57' title='bbox 422 981 508 1022; x_wconf 88' lang='lat' dir='ltr'><strong><em>euan</em></strong></span> <span class='ocrx_word' id='word_1_58' title='bbox 533 957 594 1023; x_wconf 89' lang='lat' dir='ltr'><strong><em>elio</em></strong></span> <span class='ocrx_word' id='word_1_59' title='bbox 616 959 772 1024; x_wconf 85' lang='lat' dir='ltr'><strong><em>dicentis:</em></strong></span> <span class='ocrx_word' id='word_1_60' title='bbox 794 960 856 1022; x_wconf 84' lang='lat' dir='ltr'><strong><em>‘Tu</em></strong></span> <span class='ocrx_word' id='word_1_61' title='bbox 877 980 909 1022; x_wconf 90' lang='lat' dir='ltr'><strong><em>es</em></strong></span> <span class='ocrx_word' id='word_1_62' title='bbox 930 958 1056 1038; x_wconf 88' lang='lat' dir='ltr'><strong><em>Petrus,</em></strong></span> <span class='ocrx_word' id='word_1_63' title='bbox 1078 966 1107 1022; x_wconf 86' lang='lat' dir='ltr'><strong><em>et</em></strong></span> <span class='ocrx_word' id='word_1_64' title='bbox 1128 981 1230 1043; x_wconf 90' lang='lat' dir='ltr'><strong><em>super</em></strong></span> <span class='ocrx_word' id='word_1_65' title='bbox 1252 961 1340 1024; x_wconf 85' lang='lat' dir='ltr'><strong><em>banc</em></strong></span> 
     </span>
     <span class='ocr_line' id='line_1_8' title="bbox 211 981 1339 1128; baseline 0.001 -21"><span class='ocrx_word' id='word_1_66' title='bbox 211 1053 343 1128; x_wconf 90' lang='lat' dir='ltr'><strong><em>petram</em></strong></span> <span class='ocrx_word' id='word_1_67' title='bbox 376 981 554 1124; x_wconf 80' lang='lat' dir='ltr'><strong><em>aedificabo</em></strong></span> <span class='ocrx_word' id='word_1_68' title='bbox 588 1041 755 1106; x_wconf 76' lang='lat' dir='ltr'><strong><em>aecimiam</em></strong></span> <span class='ocrx_word' id='word_1_69' title='bbox 787 1064 901 1123; x_wconf 86' lang='lat' dir='ltr'><strong><em>meam,</em></strong></span> <span class='ocrx_word' id='word_1_70' title='bbox 934 1051 963 1103; x_wconf 86' lang='lat' dir='ltr'><strong><em>et</em></strong></span> <span class='ocrx_word' id='word_1_71' title='bbox 991 1051 1108 1126; x_wconf 89' lang='lat' dir='ltr'><strong><em>portae</em></strong></span> <span class='ocrx_word' id='word_1_72' title='bbox 1137 1043 1242 1127; x_wconf 83' lang='lat' dir='ltr'><strong><em>inferi</em></strong></span> <span class='ocrx_word' id='word_1_73' title='bbox 1271 1066 1339 1108; x_wconf 89' lang='lat' dir='ltr'><strong><em>nou</em></strong></span> 
     </span>
     <span class='ocr_line' id='line_1_9' title="bbox 210 1125 1337 1212; baseline 0.003 -23"><span class='ocrx_word' id='word_1_74' title='bbox 210 1125 450 1212; x_wconf 86' lang='lat' dir='ltr'><strong><em>praevalebunt</em></strong></span> <span class='ocrx_word' id='word_1_75' title='bbox 478 1127 637 1190; x_wconf 73' lang='lat' dir='ltr'><strong><em>adversim</em></strong></span> <span class='ocrx_word' id='word_1_76' title='bbox 665 1148 745 1206; x_wconf 89' lang='lat' dir='ltr'><strong><em>eam,</em></strong></span> <span class='ocrx_word' id='word_1_77' title='bbox 774 1134 802 1187; x_wconf 90' lang='lat' dir='ltr'><strong><em>et</em></strong></span> <span class='ocrx_word' id='word_1_78' title='bbox 829 1126 888 1189; x_wconf 93' lang='lat' dir='ltr'><strong><em>tibi</em></strong></span> <span class='ocrx_word' id='word_1_79' title='bbox 909 1126 993 1190; x_wconf 89' lang='lat' dir='ltr'><strong><em>dabo</em></strong></span> <span class='ocrx_word' id='word_1_80' title='bbox 1017 1125 1122 1191; x_wconf 84' lang='lat' dir='ltr'><strong><em>claues</em></strong></span> <span class='ocrx_word' id='word_1_81' title='bbox 1144 1128 1243 1212; x_wconf 76' lang='lat' dir='ltr'><strong><em>rapui</em></strong></span> <span class='ocrx_word' id='word_1_82' title='bbox 1265 1151 1337 1192; x_wconf 90' lang='lat' dir='ltr'><strong><em>cae·</em></strong></span> 
     </span>
     <span class='ocr_line' id='line_1_10' title="bbox 214 1209 1339 1296; baseline 0.002 -22"><span class='ocrx_word' id='word_1_83' title='bbox 214 1212 330 1292; x_wconf 85' lang='lat' dir='ltr'><strong><em>lorum,</em></strong></span> <span class='ocrx_word' id='word_1_84' title='bbox 359 1220 388 1274; x_wconf 88' lang='lat' dir='ltr'><strong><em>et</em></strong></span> <span class='ocrx_word' id='word_1_85' title='bbox 415 1209 635 1295; x_wconf 80' lang='lat' dir='ltr'><strong><em>quodcumque</em></strong></span> <span class='ocrx_word' id='word_1_86' title='bbox 657 1209 815 1295; x_wconf 78' lang='lat' dir='ltr'><strong><em>lipaueris</em></strong></span> <span class='ocrx_word' id='word_1_87' title='bbox 837 1219 1089 1294; x_wconf 89' lang='lat' dir='ltr'><strong><em>superterram,</em></strong></span> <span class='ocrx_word' id='word_1_88' title='bbox 1111 1211 1173 1272; x_wconf 89' lang='lat' dir='ltr'><strong><em>erit</em></strong></span> <span class='ocrx_word' id='word_1_89' title='bbox 1193 1209 1339 1296; x_wconf 74' lang='lat' dir='ltr'><strong><em>lipatum</em></strong></span> 
     </span>
     <span class='ocr_line' id='line_1_11' title="bbox 214 1291 1339 1378; baseline 0 -19"><span class='ocrx_word' id='word_1_90' title='bbox 214 1306 244 1360; x_wconf 90' lang='lat' dir='ltr'><strong><em>et</em></strong></span> <span class='ocrx_word' id='word_1_91' title='bbox 257 1298 295 1359; x_wconf 89' lang='lat' dir='ltr'><strong><em>iu</em></strong></span> <span class='ocrx_word' id='word_1_92' title='bbox 310 1293 420 1374; x_wconf 81' lang='lat' dir='ltr'><strong><em>caelis,</em></strong></span> <span class='ocrx_word' id='word_1_93' title='bbox 443 1302 471 1356; x_wconf 87' lang='lat' dir='ltr'><strong><em>et</em></strong></span> <span class='ocrx_word' id='word_1_94' title='bbox 487 1294 708 1378; x_wconf 84' lang='lat' dir='ltr'><strong><em>quodcumque</em></strong></span> <span class='ocrx_word' id='word_1_95' title='bbox 730 1291 863 1358; x_wconf 85' lang='lat' dir='ltr'><strong><em>solveris</em></strong></span> <span class='ocrx_word' id='word_1_96' title='bbox 878 1303 1123 1377; x_wconf 87' lang='lat' dir='ltr'><strong><em>superterram,</em></strong></span> <span class='ocrx_word' id='word_1_97' title='bbox 1145 1303 1174 1355; x_wconf 89' lang='lat' dir='ltr'><strong><em>et</em></strong></span> <span class='ocrx_word' id='word_1_98' title='bbox 1189 1295 1225 1356; x_wconf 90' lang='lat' dir='ltr'><strong><em>iu</em></strong></span> <span class='ocrx_word' id='word_1_99' title='bbox 1241 1295 1339 1359; x_wconf 83' lang='lat' dir='ltr'><strong><em>caelis</em></strong></span> 
     </span>
     <span class='ocr_line' id='line_1_12' title="bbox 215 1375 1337 1462; baseline 0 -19"><span class='ocrx_word' id='word_1_100' title='bbox 215 1381 277 1443; x_wconf 91' lang='lat' dir='ltr'><strong><em>erit</em></strong></span> <span class='ocrx_word' id='word_1_101' title='bbox 299 1375 469 1442; x_wconf 72' lang='lat' dir='ltr'><strong><em>solutum&#39;?</em></strong></span> <span class='ocrx_word' id='word_1_102' title='bbox 512 1376 678 1461; x_wconf 80' lang='lat' dir='ltr'><strong><em>Numquid</em></strong></span> <span class='ocrx_word' id='word_1_103' title='bbox 705 1378 757 1440; x_wconf 89' lang='lat' dir='ltr'><strong><em>bie</em></strong></span> <span class='ocrx_word' id='word_1_104' title='bbox 784 1399 875 1462; x_wconf 80' lang='lat' dir='ltr'><strong><em>repes</em></strong></span> <span class='ocrx_word' id='word_1_105' title='bbox 906 1378 1032 1460; x_wconf 82' lang='lat' dir='ltr'><strong><em>sucepti</em></strong></span> <span class='ocrx_word' id='word_1_106' title='bbox 1059 1377 1160 1441; x_wconf 72' lang='lat' dir='ltr'><strong><em>sunt?2</em></strong></span> <span class='ocrx_word' id='word_1_107' title='bbox 1189 1387 1337 1443; x_wconf 88' lang='lat' dir='ltr'><strong><em>autnon</em></strong></span> 
     </span>
    </p>

    <p class='ocr_par' dir='ltr' id='par_1_3' title="bbox 214 1460 1338 1726">
     <span class='ocr_line' id='line_1_13' title="bbox 214 1460 1253 1544; baseline -0.004 -18"><span class='ocrx_word' id='word_1_108' title='bbox 214 1470 293 1527; x_wconf 87' lang='lat' dir='ltr'><strong><em>sunt</em></strong></span> <span class='ocrx_word' id='word_1_109' title='bbox 314 1461 354 1525; x_wconf 88' lang='lat' dir='ltr'><strong><em>de</em></strong></span> <span class='ocrx_word' id='word_1_110' title='bbox 377 1460 502 1539; x_wconf 89' lang='lat' dir='ltr'><strong><em>ouibus,</em></strong></span> <span class='ocrx_word' id='word_1_111' title='bbox 524 1481 608 1544; x_wconf 79' lang='lat' dir='ltr'><strong><em>quas</em></strong></span> <span class='ocrx_word' id='word_1_112' title='bbox 624 1460 733 1523; x_wconf 87' lang='lat' dir='ltr'><strong><em>Filius</em></strong></span> <span class='ocrx_word' id='word_1_113' title='bbox 754 1461 820 1524; x_wconf 87' lang='lat' dir='ltr'><strong><em>Dei</em></strong></span> <span class='ocrx_word' id='word_1_114' title='bbox 842 1461 932 1526; x_wconf 90' lang='lat' dir='ltr'><strong><em>beato</em></strong></span> <span class='ocrx_word' id='word_1_115' title='bbox 955 1460 1049 1523; x_wconf 87' lang='lat' dir='ltr'><strong><em>Petro</em></strong></span> <span class='ocrx_word' id='word_1_116' title='bbox 1073 1460 1253 1525; x_wconf 75' lang='lat' dir='ltr'><strong><em>commisitt</em></strong></span> 
     </span>
     <span class='ocr_line' id='line_1_14' title="bbox 300 1543 1336 1629; baseline 0.002 -21"><span class='ocrx_word' id='word_1_117' title='bbox 300 1545 329 1612; x_wconf 83' lang='lat'><strong><em>3.</em></strong></span> <span class='ocrx_word' id='word_1_118' title='bbox 373 1543 464 1608; x_wconf 84' lang='lat' dir='ltr'><strong><em>Haeo</em></strong></span> <span class='ocrx_word' id='word_1_119' title='bbox 497 1543 597 1608; x_wconf 89' lang='lat' dir='ltr'><strong><em>verba</em></strong></span> <span class='ocrx_word' id='word_1_120' title='bbox 629 1544 657 1607; x_wconf 93' lang='lat' dir='ltr'><strong><em>si</em></strong></span> <span class='ocrx_word' id='word_1_121' title='bbox 690 1545 807 1608; x_wconf 90' lang='lat' dir='ltr'><strong><em>caritas</em></strong></span> <span class='ocrx_word' id='word_1_122' title='bbox 863 1566 922 1608; x_wconf 91' lang='lat' dir='ltr'><strong><em>uae</em></strong></span> <span class='ocrx_word' id='word_1_123' title='bbox 954 1543 1104 1608; x_wconf 85' lang='lat' dir='ltr'><strong><em>aedificat</em></strong></span> <span class='ocrx_word' id='word_1_124' title='bbox 1131 1553 1336 1629; x_wconf 82' lang='lat' dir='ltr'><strong><em>temperaret,</em></strong></span> 
     </span>
     <span class='ocr_line' id='line_1_15' title="bbox 215 1567 1338 1726; baseline 0.003 -34"><span class='ocrx_word' id='word_1_125' title='bbox 215 1628 367 1692; x_wconf 82' lang='lat' dir='ltr'><strong><em>discessio</em></strong></span> <span class='ocrx_word' id='word_1_126' title='bbox 389 1627 526 1708; x_wconf 89' lang='lat' dir='ltr'><strong><em>illorum,</em></strong></span> <span class='ocrx_word' id='word_1_127' title='bbox 554 1649 612 1712; x_wconf 89' lang='lat' dir='ltr'><strong><em>per</em></strong></span> <span class='ocrx_word' id='word_1_128' title='bbox 634 1649 715 1726; x_wconf 78' lang='lat' dir='ltr'><strong><em>quos</em></strong></span> <span class='ocrx_word' id='word_1_129' title='bbox 737 1567 894 1711; x_wconf 82' lang='lat' dir='ltr'><strong><em>regendus</em></strong></span> <span class='ocrx_word' id='word_1_130' title='bbox 916 1637 966 1692; x_wconf 88' lang='lat' dir='ltr'><strong><em>est</em></strong></span> <span class='ocrx_word' id='word_1_131' title='bbox 986 1627 1135 1707; x_wconf 90' lang='lat' dir='ltr'><strong><em>mundus,</em></strong></span> <span class='ocrx_word' id='word_1_132' title='bbox 1165 1628 1230 1691; x_wconf 90' lang='lat' dir='ltr'><strong><em>iam</em></strong></span> <span class='ocrx_word' id='word_1_133' title='bbox 1253 1628 1338 1695; x_wconf 85' lang='lat' dir='ltr'><strong><em>facts</em></strong></span> 
     </span>
    </p>
   </div>
   <div class='ocr_carea' id='block_1_3' title="bbox 210 1710 1337 2395">
    <p class='ocr_par' dir='ltr' id='par_1_4' title="bbox 210 1710 1337 2395">
     <span class='ocr_line' id='line_1_16' title="bbox 215 1710 1337 1796; baseline -0.004 -21"><span class='ocrx_word' id='word_1_134' title='bbox 215 1734 280 1776; x_wconf 89' lang='lat' dir='ltr'><strong><em>non</em></strong></span> <span class='ocrx_word' id='word_1_135' title='bbox 300 1711 423 1792; x_wconf 87' lang='lat' dir='ltr'><strong><em>fuisset,</em></strong></span> <span class='ocrx_word' id='word_1_136' title='bbox 444 1711 606 1796; x_wconf 88' lang='lat' dir='ltr'><strong><em>quoniam,</em></strong></span> <span class='ocrx_word' id='word_1_137' title='bbox 629 1720 712 1775; x_wconf 82' lang='lat' dir='ltr'><strong><em>sscut</em></strong></span> <span class='ocrx_word' id='word_1_138' title='bbox 734 1712 868 1776; x_wconf 81' lang='lat' dir='ltr'><strong><em>scribit²</em></strong></span> <span class='ocrx_word' id='word_1_139' title='bbox 891 1721 1020 1775; x_wconf 87' lang='lat' dir='ltr'><strong><em>sanctus</em></strong></span> <span class='ocrx_word' id='word_1_140' title='bbox 1035 1710 1103 1774; x_wconf 90' lang='lat' dir='ltr'><strong><em>Leo</em></strong></span> <span class='ocrx_word' id='word_1_141' title='bbox 1124 1733 1225 1796; x_wconf 88' lang='lat' dir='ltr'><strong><em>papa:</em></strong></span> <span class='ocrx_word' id='word_1_142' title='bbox 1249 1735 1337 1771; x_wconf 74' lang='lat' dir='ltr'><strong><em>omues</em></strong></span> 
     </span>
     <span class='ocr_line' id='line_1_17' title="bbox 215 1799 1336 1866; baseline 0 -14"><span class='ocrx_word' id='word_1_143' title='bbox 215 1819 257 1854; x_wconf 89' lang='lat' dir='ltr'><strong><em>res</em></strong></span> <span class='ocrx_word' id='word_1_144' title='bbox 276 1807 349 1853; x_wconf 88' lang='lat' dir='ltr'><strong><em>tutae</em></strong></span> <span class='ocrx_word' id='word_1_145' title='bbox 368 1817 422 1853; x_wconf 88' lang='lat' dir='ltr'><strong><em>esse</em></strong></span> <span class='ocrx_word' id='word_1_146' title='bbox 440 1818 494 1851; x_wconf 91' lang='lat' dir='ltr'><strong><em>non</em></strong></span> <span class='ocrx_word' id='word_1_147' title='bbox 508 1806 631 1866; x_wconf 75' lang='lat' dir='ltr'><strong><em>possunt,</em></strong></span> <span class='ocrx_word' id='word_1_148' title='bbox 650 1800 704 1852; x_wconf 85' lang='lat' dir='ltr'><strong><em>nisi</em></strong></span> <span class='ocrx_word' id='word_1_149' title='bbox 722 1818 790 1866; x_wconf 79' lang='lat' dir='ltr'><strong><em>quae</em></strong></span> <span class='ocrx_word' id='word_1_150' title='bbox 810 1801 848 1852; x_wconf 90' lang='lat' dir='ltr'><strong><em>ad</em></strong></span> <span class='ocrx_word' id='word_1_151' title='bbox 860 1799 981 1853; x_wconf 85' lang='lat' dir='ltr'><strong><em>divinam</em></strong></span> <span class='ocrx_word' id='word_1_152' title='bbox 998 1801 1186 1865; x_wconf 84' lang='lat' dir='ltr'><strong><em>confessionem</em></strong></span> <span class='ocrx_word' id='word_1_153' title='bbox 1224 1801 1336 1852; x_wconf 85' lang='lat' dir='ltr'><strong><em>ertiuent</em></strong></span> 
     </span>
     <span class='ocr_line' id='line_1_18' title="bbox 214 1866 1335 1943; baseline -0.002 -17"><span class='ocrx_word' id='word_1_154' title='bbox 214 1883 240 1926; x_wconf 89' lang='lat' dir='ltr'><strong><em>et</em></strong></span> <span class='ocrx_word' id='word_1_155' title='bbox 262 1873 337 1943; x_wconf 76' lang='lat' dir='ltr'><strong><em>reqia</em></strong></span> <span class='ocrx_word' id='word_1_156' title='bbox 361 1883 385 1926; x_wconf 90' lang='lat' dir='ltr'><strong><em>et</em></strong></span> <span class='ocrx_word' id='word_1_157' title='bbox 408 1873 582 1925; x_wconf 86' lang='lat' dir='ltr'><strong><em>sacerdotalis</em></strong></span> <span class='ocrx_word' id='word_1_158' title='bbox 606 1873 782 1940; x_wconf 66' lang='lat' dir='ltr'><strong><em>defenderat¹</em></strong></span> <span class='ocrx_word' id='word_1_159' title='bbox 809 1875 963 1926; x_wconf 79' lang='lat' dir='ltr'><strong><em>auctor-itas.</em></strong></span> <span class='ocrx_word' id='word_1_160' title='bbox 1001 1867 1096 1932; x_wconf 85' lang='lat' dir='ltr'>Unde</span> <span class='ocrx_word' id='word_1_161' title='bbox 1123 1878 1165 1930; x_wconf 34' lang='lat' dir='ltr'><strong><em>et*</em></strong></span> <span class='ocrx_word' id='word_1_162' title='bbox 1218 1866 1335 1931; x_wconf 82' lang='lat' dir='ltr'><strong><em>elasius</em></strong></span> 
     </span>
     <span class='ocr_line' id='line_1_19' title="bbox 215 1949 1337 2036; baseline -0.006 -22"><span class='ocrx_word' id='word_1_163' title='bbox 215 1963 338 2036; x_wconf 72' lang='lat' dir='ltr'><strong><em>papa3:</em></strong></span> <span class='ocrx_word' id='word_1_164' title='bbox 365 1956 492 2019; x_wconf 83' lang='lat' dir='ltr'><strong><em>Obristus,</em></strong></span> <span class='ocrx_word' id='word_1_165' title='bbox 518 1949 632 2035; x_wconf 78' lang='lat' dir='ltr'><strong><em>inquit,</em></strong></span> <span class='ocrx_word' id='word_1_166' title='bbox 654 1973 752 2008; x_wconf 85' lang='lat' dir='ltr'><strong><em>memor</em></strong></span> <span class='ocrx_word' id='word_1_167' title='bbox 768 1955 932 2022; x_wconf 77' lang='lat' dir='ltr'><strong><em>srapilitatis</em></strong></span> <span class='ocrx_word' id='word_1_168' title='bbox 957 1956 1099 2020; x_wconf 88' lang='lat' dir='ltr'><strong><em>bumauae,</em></strong></span> <span class='ocrx_word' id='word_1_169' title='bbox 1130 1958 1201 2022; x_wconf 79' lang='lat' dir='ltr'><strong><em>quod</em></strong></span> <span class='ocrx_word' id='word_1_170' title='bbox 1226 1973 1337 2008; x_wconf 87' lang='lat' dir='ltr'><strong><em>suoram</em></strong></span> 
     </span>
     <span class='ocr_line' id='line_1_20' title="bbox 214 2033 1337 2105; baseline -0.003 -13"><span class='ocrx_word' id='word_1_171' title='bbox 214 2041 297 2092; x_wconf 84' lang='lat' dir='ltr'><strong><em>saluti</em></strong></span> <span class='ocrx_word' id='word_1_172' title='bbox 320 2045 482 2105; x_wconf 79' lang='lat' dir='ltr'><strong><em>eonprueret,</em></strong></span> <span class='ocrx_word' id='word_1_173' title='bbox 508 2038 704 2105; x_wconf 74' lang='lat' dir='ltr'><strong><em>dispensatione</em></strong></span> <span class='ocrx_word' id='word_1_174' title='bbox 732 2038 873 2105; x_wconf 76' lang='lat' dir='ltr'><strong><em>mapnifiaa</em></strong></span> <span class='ocrx_word' id='word_1_175' title='bbox 901 2033 1094 2102; x_wconf 77' lang='lat' dir='ltr'><strong><em>temperaretb,·</em></strong></span> <span class='ocrx_word' id='word_1_176' title='bbox 1122 2039 1159 2088; x_wconf 85' lang='lat' dir='ltr'><strong><em>sic</em></strong></span> <span class='ocrx_word' id='word_1_177' title='bbox 1188 2036 1337 2089; x_wconf 79' lang='lat' dir='ltr'><strong><em>actionibus</em></strong></span> 
     </span>
     <span class='ocr_line' id='line_1_21' title="bbox 210 2109 1337 2181; baseline -0.004 -16"><span class='ocrx_word' id='word_1_178' title='bbox 210 2114 330 2181; x_wconf 88' lang='lat' dir='ltr'><strong><em>propriis</em></strong></span> <span class='ocrx_word' id='word_1_179' title='bbox 353 2111 579 2178; x_wconf 79' lang='lat' dir='ltr'><strong><em>dipnitutibusque</em></strong></span> <span class='ocrx_word' id='word_1_180' title='bbox 604 2111 734 2163; x_wconf 79' lang='lat' dir='ltr'><strong><em>distinctis</em></strong></span> <span class='ocrx_word' id='word_1_181' title='bbox 764 2110 854 2175; x_wconf 83' lang='lat' dir='ltr'><strong><em>officia</em></strong></span> <span class='ocrx_word' id='word_1_182' title='bbox 872 2109 1012 2176; x_wconf 88' lang='lat' dir='ltr'><strong><em>potestatis</em></strong></span> <span class='ocrx_word' id='word_1_183' title='bbox 1036 2110 1174 2176; x_wconf 78' lang='lat' dir='ltr'><strong><em>utriusque</em></strong></span> <span class='ocrx_word' id='word_1_184' title='bbox 1202 2109 1337 2173; x_wconf 84' lang='lat' dir='ltr'><strong><em>discrerit,</em></strong></span> 
     </span>
     <span class='ocr_line' id='line_1_22' title="bbox 215 2182 1337 2249; baseline -0.003 -12"><span class='ocrx_word' id='word_1_185' title='bbox 215 2195 245 2237; x_wconf 93' lang='lat' dir='ltr'><strong><em>ut</em></strong></span> <span class='ocrx_word' id='word_1_186' title='bbox 269 2195 294 2238; x_wconf 88' lang='lat' dir='ltr'><strong><em>et</em></strong></span> <span class='ocrx_word' id='word_1_187' title='bbox 316 2185 456 2237; x_wconf 73' lang='lat' dir='ltr'><strong><em>timotiani</em></strong></span> <span class='ocrx_word' id='word_1_188' title='bbox 479 2185 649 2249; x_wconf 90' lang='lat' dir='ltr'><strong><em>imperatores</em></strong></span> <span class='ocrx_word' id='word_1_189' title='bbox 671 2201 723 2249; x_wconf 88' lang='lat' dir='ltr'><strong><em>pro</em></strong></span> <span class='ocrx_word' id='word_1_190' title='bbox 750 2192 858 2234; x_wconf 87' lang='lat' dir='ltr'><strong><em>aeterna</em></strong></span> <span class='ocrx_word' id='word_1_191' title='bbox 882 2184 939 2233; x_wconf 89' lang='lat' dir='ltr'><strong><em>uita</em></strong></span> <span class='ocrx_word' id='word_1_192' title='bbox 952 2183 1123 2249; x_wconf 82' lang='lat' dir='ltr'><strong><em>pontificibus</em></strong></span> <span class='ocrx_word' id='word_1_193' title='bbox 1142 2182 1293 2249; x_wconf 77' lang='lat' dir='ltr'><strong><em>indiperent</em></strong></span> <span class='ocrx_word' id='word_1_194' title='bbox 1313 2192 1337 2234; x_wconf 90' lang='lat' dir='ltr'><strong><em>et</em></strong></span> 
     </span>
     <span class='ocr_line' id='line_1_23' title="bbox 210 2255 1336 2327; baseline -0.003 -17"><span class='ocrx_word' id='word_1_195' title='bbox 210 2259 347 2327; x_wconf 73' lang='lat' dir='ltr'><strong><em>pontifices</em></strong></span> <span class='ocrx_word' id='word_1_196' title='bbox 364 2275 413 2324; x_wconf 92' lang='lat' dir='ltr'><strong><em>pro</em></strong></span> <span class='ocrx_word' id='word_1_197' title='bbox 433 2256 617 2321; x_wconf 82' lang='lat' dir='ltr'><strong><em>temporalium</em></strong></span> <span class='ocrx_word' id='word_1_198' title='bbox 636 2272 716 2307; x_wconf 89' lang='lat' dir='ltr'><strong><em>eursu</em></strong></span> <span class='ocrx_word' id='word_1_199' title='bbox 734 2274 824 2310; x_wconf 88' lang='lat' dir='ltr'><strong><em>rerum</em></strong></span> <span class='ocrx_word' id='word_1_200' title='bbox 842 2255 1025 2320; x_wconf 80' lang='lat' dir='ltr'><strong><em>imperialibus</em></strong></span> <span class='ocrx_word' id='word_1_201' title='bbox 1045 2255 1263 2322; x_wconf 78' lang='lat' dir='ltr'><strong><em>dispositionibus</em></strong></span> <span class='ocrx_word' id='word_1_202' title='bbox 1280 2265 1336 2308; x_wconf 84' lang='lat' dir='ltr'><strong><em>ute·</em></strong></span> 
     </span>
     <span class='ocr_line' id='line_1_24' title="bbox 214 2328 1335 2395; baseline -0.002 -13"><span class='ocrx_word' id='word_1_203' title='bbox 214 2340 307 2384; x_wconf 88' lang='lat' dir='ltr'><strong><em>rentur</em></strong></span> <span class='ocrx_word' id='word_1_204' title='bbox 327 2349 358 2381; x_wconf 85' lang='lat' dir='ltr'><strong><em>aa</em></strong></span> <span class='ocrx_word' id='word_1_205' title='bbox 377 2331 414 2380; x_wconf 88' lang='lat' dir='ltr'><strong><em>sic</em></strong></span> <span class='ocrx_word' id='word_1_206' title='bbox 432 2328 561 2379; x_wconf 88' lang='lat' dir='ltr'><strong><em>modestia</em></strong></span> <span class='ocrx_word' id='word_1_207' title='bbox 579 2329 717 2394; x_wconf 83' lang='lat' dir='ltr'><strong><em>utriusque</em></strong></span> <span class='ocrx_word' id='word_1_208' title='bbox 736 2328 837 2379; x_wconf 80' lang='lat' dir='ltr'><strong><em>ordinis</em></strong></span> <span class='ocrx_word' id='word_1_209' title='bbox 857 2337 1006 2392; x_wconf 80' lang='lat' dir='ltr'><strong><em>curaretur,</em></strong></span> <span class='ocrx_word' id='word_1_210' title='bbox 1026 2346 1059 2380; x_wconf 87' lang='lat' dir='ltr'><strong><em>ne</em></strong></span> <span class='ocrx_word' id='word_1_211' title='bbox 1078 2338 1190 2394; x_wconf 82' lang='lat' dir='ltr'><strong><em>utroque</em></strong></span> <span class='ocrx_word' id='word_1_212' title='bbox 1210 2329 1335 2395; x_wconf 85' lang='lat' dir='ltr'><strong><em>suffultus</em></strong></span> 
     </span>
    </p>
   </div>
   <div class='ocr_carea' id='block_1_4' title="bbox 59 2394 1340 3738">
    <p class='ocr_par' dir='ltr' id='par_1_5' title="bbox 214 2394 1337 2483">
     <span class='ocr_line' id='line_1_25' title="bbox 214 2394 1337 2483; baseline 0.003 -27"><span class='ocrx_word' id='word_1_213' title='bbox 214 2404 388 2456; x_wconf 77' lang='lat' dir='ltr'><strong><em>eurottuuur.</em></strong></span> <span class='ocrx_word' id='word_1_214' title='bbox 422 2395 514 2474; x_wconf 78' lang='lat' dir='ltr'><strong><em>Quae</em></strong></span> <span class='ocrx_word' id='word_1_215' title='bbox 538 2417 611 2459; x_wconf 87' lang='lat' dir='ltr'><strong><em>cum</em></strong></span> <span class='ocrx_word' id='word_1_216' title='bbox 629 2397 673 2458; x_wconf 89' lang='lat' dir='ltr'><strong><em>ita</em></strong></span> <span class='ocrx_word' id='word_1_217' title='bbox 687 2395 778 2459; x_wconf 90' lang='lat' dir='ltr'><strong><em>Deus</em></strong></span> <span class='ocrx_word' id='word_1_218' title='bbox 800 2394 994 2481; x_wconf 84' lang='lat' dir='ltr'><strong><em>disposuerit</em></strong></span> <span class='ocrx_word' id='word_1_219' title='bbox 1015 2405 1046 2459; x_wconf 89' lang='lat' dir='ltr'><strong><em>et</em></strong></span> <span class='ocrx_word' id='word_1_220' title='bbox 1067 2395 1147 2461; x_wconf 89' lang='lat' dir='ltr'><strong><em>haec</em></strong></span> <span class='ocrx_word' id='word_1_221' title='bbox 1168 2395 1244 2478; x_wconf 89' lang='lat' dir='ltr'><strong><em>duo,</em></strong></span> <span class='ocrx_word' id='word_1_222' title='bbox 1268 2397 1337 2483; x_wconf 92' lang='lat' dir='ltr'><strong><em>qui-</em></strong></span> 
     </span>
    </p>

    <p class='ocr_par' dir='ltr' id='par_1_6' title="bbox 214 2477 1337 2564">
     <span class='ocr_line' id='line_1_26' title="bbox 214 2477 1337 2564; baseline 0.001 -21"><span class='ocrx_word' id='word_1_223' title='bbox 214 2479 276 2543; x_wconf 89' lang='lat' dir='ltr'><strong><em>bus</em></strong></span> <span class='ocrx_word' id='word_1_224' title='bbox 298 2477 517 2563; x_wconf 80' lang='lat' dir='ltr'><strong><em>principaliter</em></strong></span> <span class='ocrx_word' id='word_1_225' title='bbox 537 2478 590 2542; x_wconf 88' lang='lat' dir='ltr'><strong><em>hic</em></strong></span> <span class='ocrx_word' id='word_1_226' title='bbox 611 2479 752 2543; x_wconf 88' lang='lat' dir='ltr'><strong><em>mundus</em></strong></span> <span class='ocrx_word' id='word_1_227' title='bbox 771 2489 909 2564; x_wconf 83' lang='lat' dir='ltr'><strong><em>regatur,</em></strong></span> <span class='ocrx_word' id='word_1_228' title='bbox 938 2479 1078 2564; x_wconf 84' lang='lat' dir='ltr'><strong><em>regalem</em></strong></span> <span class='ocrx_word' id='word_1_229' title='bbox 1105 2480 1227 2544; x_wconf 86' lang='lat' dir='ltr'><strong><em>seilicet</em></strong></span> <span class='ocrx_word' id='word_1_230' title='bbox 1248 2490 1337 2564; x_wconf 89' lang='lat' dir='ltr'><strong><em>pote-</em></strong></span> 
     </span>
    </p>

    <p class='ocr_par' dir='ltr' id='par_1_7' title="bbox 217 2563 1337 2648">
     <span class='ocr_line' id='line_1_27' title="bbox 217 2563 1337 2648; baseline 0.002 -23"><span class='ocrx_word' id='word_1_231' title='bbox 217 2571 332 2626; x_wconf 84' lang='lat' dir='ltr'><strong><em>statem</em></strong></span> <span class='ocrx_word' id='word_1_232' title='bbox 359 2570 391 2626; x_wconf 90' lang='lat' dir='ltr'><strong><em>et</em></strong></span> <span class='ocrx_word' id='word_1_233' title='bbox 420 2570 578 2627; x_wconf 85' lang='lat' dir='ltr'><strong><em>sacratam</em></strong></span> <span class='ocrx_word' id='word_1_234' title='bbox 609 2563 820 2648; x_wconf 81' lang='lat' dir='ltr'><strong><em>pontificum⁰</em></strong></span> <span class='ocrx_word' id='word_1_235' title='bbox 851 2564 1098 2627; x_wconf 80' lang='lat' dir='ltr'><strong><em>auctoritatem⁴</em></strong></span> <span class='ocrx_word' id='word_1_236' title='bbox 1132 2563 1337 2645; x_wconf 86' lang='lat' dir='ltr'><strong><em>ordinaverit,</em></strong></span> 
     </span>
    </p>

    <p class='ocr_par' dir='ltr' id='par_1_8' title="bbox 216 2645 1338 2733">
     <span class='ocr_line' id='line_1_28' title="bbox 216 2645 1338 2733; baseline 0 -23"><span class='ocrx_word' id='word_1_237' title='bbox 216 2647 288 2732; x_wconf 92' lang='lat' dir='ltr'><strong><em>quis</em></strong></span> <span class='ocrx_word' id='word_1_238' title='bbox 311 2653 423 2710; x_wconf 86' lang='lat' dir='ltr'><strong><em>contra</em></strong></span> <span class='ocrx_word' id='word_1_239' title='bbox 444 2645 523 2710; x_wconf 90' lang='lat' dir='ltr'><strong><em>haec</em></strong></span> <span class='ocrx_word' id='word_1_240' title='bbox 544 2648 590 2710; x_wconf 89' lang='lat' dir='ltr'><strong><em>ire</em></strong></span> <span class='ocrx_word' id='word_1_241' title='bbox 612 2647 794 2733; x_wconf 87' lang='lat' dir='ltr'><strong><em>temptabit,</em></strong></span> <span class='ocrx_word' id='word_1_242' title='bbox 815 2648 878 2710; x_wconf 91' lang='lat' dir='ltr'><strong><em>nisi</em></strong></span> <span class='ocrx_word' id='word_1_243' title='bbox 895 2648 950 2733; x_wconf 92' lang='lat' dir='ltr'><strong><em>qui</em></strong></span> <span class='ocrx_word' id='word_1_244' title='bbox 964 2647 1028 2710; x_wconf 89' lang='lat' dir='ltr'><strong><em>Dei</em></strong></span> <span class='ocrx_word' id='word_1_245' title='bbox 1044 2647 1238 2711; x_wconf 87' lang='lat' dir='ltr'><strong><em>ordinationi</em></strong></span> <span class='ocrx_word' id='word_1_246' title='bbox 1260 2648 1338 2711; x_wconf 89' lang='lat' dir='ltr'><strong><em>resi·</em></strong></span> 
     </span>
    </p>

    <p class='ocr_par' dir='ltr' id='par_1_9' title="bbox 215 2729 1338 2900">
     <span class='ocr_line' id='line_1_29' title="bbox 215 2729 1338 2816; baseline 0 -22"><span class='ocrx_word' id='word_1_247' title='bbox 215 2729 292 2794; x_wconf 77' lang='lat' dir='ltr'><strong><em>stit?</em></strong></span> <span class='ocrx_word' id='word_1_248' title='bbox 323 2730 372 2794; x_wconf 87' lang='lat' dir='ltr'><strong><em>Eo</em></strong></span> <span class='ocrx_word' id='word_1_249' title='bbox 395 2730 480 2794; x_wconf 91' lang='lat' dir='ltr'><strong><em>enim</em></strong></span> <span class='ocrx_word' id='word_1_250' title='bbox 502 2730 598 2794; x_wconf 91' lang='lat' dir='ltr'><strong><em>modo</em></strong></span> <span class='ocrx_word' id='word_1_251' title='bbox 621 2730 733 2794; x_wconf 91' lang='lat' dir='ltr'><strong><em>beatus</em></strong></span> <span class='ocrx_word' id='word_1_252' title='bbox 754 2730 919 2816; x_wconf 85' lang='lat' dir='ltr'><strong><em>apostolus</em></strong></span> <span class='ocrx_word' id='word_1_253' title='bbox 940 2729 1060 2795; x_wconf 89' lang='lat' dir='ltr'><strong><em>Paulus</em></strong></span> <span class='ocrx_word' id='word_1_254' title='bbox 1082 2730 1251 2795; x_wconf 89' lang='lat' dir='ltr'><strong><em>ecelesiam</em></strong></span> <span class='ocrx_word' id='word_1_255' title='bbox 1274 2732 1338 2797; x_wconf 90' lang='lat' dir='ltr'><strong><em>Dei</em></strong></span> 
     </span>
     <span class='ocr_line' id='line_1_30' title="bbox 216 2812 1338 2900; baseline 0 -22"><span class='ocrx_word' id='word_1_256' title='bbox 216 2814 352 2895; x_wconf 90' lang='lat' dir='ltr'><strong><em>ordinat,</em></strong></span> <span class='ocrx_word' id='word_1_257' title='bbox 385 2825 420 2878; x_wconf 91' lang='lat' dir='ltr'><strong><em>ut</em></strong></span> <span class='ocrx_word' id='word_1_258' title='bbox 451 2812 530 2877; x_wconf 91' lang='lat' dir='ltr'><strong><em>nihil</em></strong></span> <span class='ocrx_word' id='word_1_259' title='bbox 562 2814 716 2879; x_wconf 89' lang='lat' dir='ltr'><strong><em>adversus</em></strong></span> <span class='ocrx_word' id='word_1_260' title='bbox 748 2815 912 2900; x_wconf 88' lang='lat' dir='ltr'><strong><em>principes</em></strong></span> <span class='ocrx_word' id='word_1_261' title='bbox 945 2821 977 2878; x_wconf 90' lang='lat' dir='ltr'><strong><em>et</em></strong></span> <span class='ocrx_word' id='word_1_262' title='bbox 1008 2824 1182 2900; x_wconf 87' lang='lat' dir='ltr'><strong><em>potestates</em></strong></span> <span class='ocrx_word' id='word_1_263' title='bbox 1216 2815 1338 2880; x_wconf 88' lang='lat' dir='ltr'><strong><em>saeculi</em></strong></span> 
     </span>
    </p>

    <p class='ocr_par' dir='ltr' id='par_1_10' title="bbox 215 2897 1338 2998">
     <span class='ocr_line' id='line_1_31' title="bbox 215 2897 1338 2998; baseline 0 -36"><span class='ocrx_word' id='word_1_264' title='bbox 215 2920 330 2982; x_wconf 86' lang='lat' dir='ltr'><strong><em>gerens</em></strong></span> <span class='ocrx_word' id='word_1_265' title='bbox 352 2919 411 2983; x_wconf 86' lang='lat' dir='ltr'><strong><em>per</em></strong></span> <span class='ocrx_word' id='word_1_266' title='bbox 432 2899 573 2984; x_wconf 87' lang='lat' dir='ltr'><strong><em>quietem</em></strong></span> <span class='ocrx_word' id='word_1_267' title='bbox 595 2910 628 2963; x_wconf 89' lang='lat' dir='ltr'><strong><em>et</em></strong></span> <span class='ocrx_word' id='word_1_268' title='bbox 648 2897 910 2998; x_wconf 73' lang='lat' dir='ltr'><strong><em>tranquillitatem</em></strong></span> <span class='ocrx_word' id='word_1_269' title='bbox 931 2899 1017 2962; x_wconf 87' lang='lat' dir='ltr'><strong><em>vitae</em></strong></span> <span class='ocrx_word' id='word_1_270' title='bbox 1040 2920 1120 2983; x_wconf 89' lang='lat' dir='ltr'><strong><em>opus</em></strong></span> <span class='ocrx_word' id='word_1_271' title='bbox 1141 2898 1284 2962; x_wconf 87' lang='lat' dir='ltr'><strong><em>iustitiae</em></strong></span> <span class='ocrx_word' id='word_1_272' title='bbox 1306 2908 1338 2964; x_wconf 91' lang='lat' dir='ltr'><strong><em>et</em></strong></span> 
     </span>
    </p>

    <p class='ocr_par' dir='ltr' id='par_1_11' title="bbox 59 2981 1337 3488">
     <span class='ocr_line' id='line_1_32' title="bbox 64 2981 1334 3068; baseline 0.002 -24"><span class='ocrx_word' id='word_1_273' title='bbox 64 3005 131 3047; x_wconf 78' lang='lat' dir='ltr'><strong><em>nom.</em></strong></span> <span class='ocrx_word' id='word_1_274' title='bbox 142 3005 177 3058; x_wconf 79' lang='lat' dir='ltr'><strong><em>rs,</em></strong></span> <span class='ocrx_word' id='word_1_275' title='bbox 185 3007 205 3048; x_wconf 92' lang='lat'><strong><em>1.</em></strong></span> <span class='ocrx_word' id='word_1_276' title='bbox 217 2983 344 3067; x_wconf 90' lang='lat' dir='ltr'><strong><em>pietatis</em></strong></span> <span class='ocrx_word' id='word_1_277' title='bbox 366 2992 523 3050; x_wconf 85' lang='lat' dir='ltr'><strong><em>exerceat.</em></strong></span> <span class='ocrx_word' id='word_1_278' title='bbox 574 2983 693 3064; x_wconf 84' lang='lat' dir='ltr'><strong><em>Omnis,</em></strong></span> <span class='ocrx_word' id='word_1_279' title='bbox 723 2983 836 3068; x_wconf 82' lang='lat' dir='ltr'><strong><em>inquit,</em></strong></span> <span class='ocrx_word' id='word_1_280' title='bbox 864 2981 985 3046; x_wconf 89' lang='lat' dir='ltr'><strong><em>anima</em></strong></span> <span class='ocrx_word' id='word_1_281' title='bbox 994 2983 1212 3067; x_wconf 87' lang='lat' dir='ltr'><strong><em>potestatibus</em></strong></span> <span class='ocrx_word' id='word_1_282' title='bbox 1235 2983 1334 3047; x_wconf 87' lang='lat' dir='ltr'><strong><em>subli-</em></strong></span> 
     </span>
     <span class='ocr_line' id='line_1_33' title="bbox 215 3065 1336 3213; baseline 0.001 -83"><span class='ocrx_word' id='word_1_283' title='bbox 215 3068 371 3132; x_wconf 91' lang='lat' dir='ltr'><strong><em>mioribus</em></strong></span> <span class='ocrx_word' id='word_1_284' title='bbox 392 3067 525 3132; x_wconf 88' lang='lat' dir='ltr'><strong><em>subdita</em></strong></span> <span class='ocrx_word' id='word_1_285' title='bbox 546 3070 599 3147; x_wconf 90' lang='lat' dir='ltr'><strong><em>sit,</em></strong></span> <span class='ocrx_word' id='word_1_286' title='bbox 622 3076 658 3130; x_wconf 94' lang='lat' dir='ltr'><strong><em>ut</em></strong></span> <span class='ocrx_word' id='word_1_287' title='bbox 680 3069 821 3152; x_wconf 83' lang='lat' dir='ltr'><strong><em>quietam</em></strong></span> <span class='ocrx_word' id='word_1_288' title='bbox 843 3076 872 3130; x_wconf 90' lang='lat' dir='ltr'><strong><em>et</em></strong></span> <span class='ocrx_word' id='word_1_289' title='bbox 893 3065 1107 3213; x_wconf 61' lang='lat' dir='ltr'><strong><em>trampuillam</em></strong></span> <span class='ocrx_word' id='word_1_290' title='bbox 1126 3068 1229 3130; x_wconf 90' lang='lat' dir='ltr'><strong><em>uitam</em></strong></span> <span class='ocrx_word' id='word_1_291' title='bbox 1252 3090 1336 3153; x_wconf 79' lang='lat' dir='ltr'><strong><em>apa-</em></strong></span> 
     </span>
     <span class='ocr_line' id='line_1_34' title="bbox 84 3151 1337 3235; baseline 0.001 -21"><span class='ocrx_word' id='word_1_292' title='bbox 84 3167 287 3216; x_wconf 64' lang='lat' dir='ltr'><strong><em>tTtnamus</em></strong></span> <span class='ocrx_word' id='word_1_293' title='bbox 315 3154 351 3215; x_wconf 87' lang='lat' dir='ltr'><strong><em>in</em></strong></span> <span class='ocrx_word' id='word_1_294' title='bbox 381 3155 471 3216; x_wconf 89' lang='lat' dir='ltr'><strong><em>omui</em></strong></span> <span class='ocrx_word' id='word_1_295' title='bbox 487 3153 612 3235; x_wconf 90' lang='lat' dir='ltr'><strong><em>pietate</em></strong></span> <span class='ocrx_word' id='word_1_296' title='bbox 634 3160 663 3215; x_wconf 88' lang='lat' dir='ltr'><strong><em>et</em></strong></span> <span class='ocrx_word' id='word_1_297' title='bbox 685 3153 844 3230; x_wconf 84' lang='lat' dir='ltr'><strong><em>castitate,</em></strong></span> <span class='ocrx_word' id='word_1_298' title='bbox 868 3151 954 3234; x_wconf 81' lang='lat' dir='ltr'><strong><em>quod</em></strong></span> <span class='ocrx_word' id='word_1_299' title='bbox 996 3173 1094 3214; x_wconf 91' lang='lat' dir='ltr'><strong><em>onum</em></strong></span> <span class='ocrx_word' id='word_1_300' title='bbox 1117 3159 1146 3212; x_wconf 87' lang='lat' dir='ltr'><strong><em>et</em></strong></span> <span class='ocrx_word' id='word_1_301' title='bbox 1168 3160 1337 3234; x_wconf 87' lang='lat' dir='ltr'><strong><em>acceptum</em></strong></span> 
     </span>
     <span class='ocr_line' id='line_1_35' title="bbox 114 3225 1336 3317; baseline -0.002 -17"><span class='ocrx_word' id='word_1_302' title='bbox 114 3225 178 3268; x_wconf 56' lang='grc' dir='ltr'><strong><em>Η·</em></strong></span> <span class='ocrx_word' id='word_1_303' title='bbox 214 3245 259 3300; x_wconf 89' lang='lat' dir='ltr'><strong><em>est</em></strong></span> <span class='ocrx_word' id='word_1_304' title='bbox 274 3259 384 3300; x_wconf 88' lang='lat' dir='ltr'><strong><em>coram</em></strong></span> <span class='ocrx_word' id='word_1_305' title='bbox 401 3236 564 3299; x_wconf 81' lang='lat' dir='ltr'><strong><em>salvatore</em></strong></span> <span class='ocrx_word' id='word_1_306' title='bbox 586 3244 696 3298; x_wconf 89' lang='lat' dir='ltr'><strong><em>nostro</em></strong></span> <span class='ocrx_word' id='word_1_307' title='bbox 712 3234 793 3297; x_wconf 87' lang='lat' dir='ltr'><strong><em>Deo.</em></strong></span> <span class='ocrx_word' id='word_1_308' title='bbox 829 3232 894 3307; x_wconf 83' lang='lat' dir='ltr'><strong><em>Qui</em></strong></span> <span class='ocrx_word' id='word_1_309' title='bbox 909 3243 1016 3297; x_wconf 90' lang='lat' dir='ltr'><strong><em>autem</em></strong></span> <span class='ocrx_word' id='word_1_310' title='bbox 1034 3236 1160 3299; x_wconf 90' lang='lat' dir='ltr'><strong><em>resistit</em></strong></span> <span class='ocrx_word' id='word_1_311' title='bbox 1169 3238 1336 3317; x_wconf 87' lang='lat' dir='ltr'><strong><em>potestati,</em></strong></span> 
     </span>
     <span class='ocr_line' id='line_1_36' title="bbox 59 3316 1337 3416; baseline 0.002 -38"><span class='ocrx_word' id='word_1_312' title='bbox 59 3339 201 3392; x_wconf 60' lang='lat' dir='ltr'><strong><em>sommas.</em></strong></span> <span class='ocrx_word' id='word_1_313' title='bbox 216 3321 289 3399; x_wconf 86' lang='lat' dir='ltr'><strong><em>Dei,</em></strong></span> <span class='ocrx_word' id='word_1_314' title='bbox 312 3320 425 3405; x_wconf 85' lang='lat' dir='ltr'><strong><em>inquit,</em></strong></span> <span class='ocrx_word' id='word_1_315' title='bbox 448 3318 656 3382; x_wconf 88' lang='lat' dir='ltr'><strong><em>ordinationi</em></strong></span> <span class='ocrx_word' id='word_1_316' title='bbox 669 3319 800 3380; x_wconf 89' lang='lat' dir='ltr'><strong><em>resistit.</em></strong></span> <span class='ocrx_word' id='word_1_317' title='bbox 833 3316 906 3380; x_wconf 90' lang='lat' dir='ltr'><strong><em>Non</em></strong></span> <span class='ocrx_word' id='word_1_318' title='bbox 920 3316 973 3381; x_wconf 90' lang='lat' dir='ltr'><strong><em>hic</em></strong></span> <span class='ocrx_word' id='word_1_319' title='bbox 990 3316 1029 3380; x_wconf 92' lang='lat' dir='ltr'><strong><em>de</em></strong></span> <span class='ocrx_word' id='word_1_320' title='bbox 1044 3316 1108 3381; x_wconf 92' lang='lat' dir='ltr'><strong><em>illis</em></strong></span> <span class='ocrx_word' id='word_1_321' title='bbox 1122 3318 1337 3416; x_wconf 84' lang='lat' dir='ltr'><strong><em>potestatibus</em></strong></span> 
     </span>
     <span class='ocr_line' id='line_1_37' title="bbox 215 3399 1337 3488; baseline -0.002 -22"><span class='ocrx_word' id='word_1_322' title='bbox 215 3402 303 3484; x_wconf 88' lang='lat' dir='ltr'><strong><em>dicit,</em></strong></span> <span class='ocrx_word' id='word_1_323' title='bbox 332 3423 415 3488; x_wconf 88' lang='lat' dir='ltr'><strong><em>quae</em></strong></span> <span class='ocrx_word' id='word_1_324' title='bbox 445 3399 683 3486; x_wconf 83' lang='lat' dir='ltr'><strong><em>persecutiones</em></strong></span> <span class='ocrx_word' id='word_1_325' title='bbox 711 3399 851 3464; x_wconf 85' lang='lat' dir='ltr'><strong><em>inferunt</em></strong></span> <span class='ocrx_word' id='word_1_326' title='bbox 877 3399 963 3481; x_wconf 89' lang='lat' dir='ltr'><strong><em>fidei,</em></strong></span> <span class='ocrx_word' id='word_1_327' title='bbox 993 3401 1069 3487; x_wconf 88' lang='lat' dir='ltr'><strong><em>quia</em></strong></span> <span class='ocrx_word' id='word_1_328' title='bbox 1096 3400 1337 3466; x_wconf 89' lang='lat' dir='ltr'><strong><em>ib1dieendum</em></strong></span> 
     </span>
    </p>

    <p class='ocr_par' dir='ltr' id='par_1_12' title="bbox 75 3485 1339 3654">
     <span class='ocr_line' id='line_1_38' title="bbox 75 3485 1339 3570; baseline 0.002 -24"><span class='ocrx_word' id='word_1_329' title='bbox 75 3505 121 3547; x_wconf 73' lang='lat' dir='ltr'><strong><em>set</em></strong></span> <span class='ocrx_word' id='word_1_330' title='bbox 138 3496 279 3561; x_wconf 67' lang='lat' dir='ltr'><strong><em>aerest:</em></strong></span> <span class='ocrx_word' id='word_1_331' title='bbox 309 3487 381 3549; x_wconf 90' lang='lat' dir='ltr'><strong><em>Deo</em></strong></span> <span class='ocrx_word' id='word_1_332' title='bbox 411 3486 628 3568; x_wconf 86' lang='lat' dir='ltr'><strong><em>obtemperare</em></strong></span> <span class='ocrx_word' id='word_1_333' title='bbox 652 3494 775 3568; x_wconf 87' lang='lat' dir='ltr'><strong><em>oportet</em></strong></span> <span class='ocrx_word' id='word_1_334' title='bbox 796 3487 902 3570; x_wconf 77' lang='lat' dir='ltr'><strong><em>mapis</em></strong></span> <span class='ocrx_word' id='word_1_335' title='bbox 932 3507 1027 3570; x_wconf 77' lang='lat' dir='ltr'><strong><em>quam</em></strong></span> <span class='ocrx_word' id='word_1_336' title='bbox 1056 3485 1251 3567; x_wconf 85' lang='lat' dir='ltr'><strong><em>bominibus,</em></strong></span> <span class='ocrx_word' id='word_1_337' title='bbox 1281 3485 1339 3551; x_wconf 92' lang='lat' dir='ltr'><strong><em>sed</em></strong></span> 
     </span>
     <span class='ocr_line' id='line_1_39' title="bbox 215 3566 1338 3654; baseline 0 -21"><span class='ocrx_word' id='word_1_338' title='bbox 215 3571 255 3634; x_wconf 91' lang='lat' dir='ltr'><strong><em>de</em></strong></span> <span class='ocrx_word' id='word_1_339' title='bbox 269 3571 340 3635; x_wconf 90' lang='lat' dir='ltr'><strong><em>istis</em></strong></span> <span class='ocrx_word' id='word_1_340' title='bbox 356 3566 578 3631; x_wconf 88' lang='lat' dir='ltr'><strong><em>communibus</em></strong></span> <span class='ocrx_word' id='word_1_341' title='bbox 602 3567 690 3650; x_wconf 87' lang='lat' dir='ltr'><strong><em>dicit,</em></strong></span> <span class='ocrx_word' id='word_1_342' title='bbox 713 3590 795 3654; x_wconf 88' lang='lat' dir='ltr'><strong><em>quae</em></strong></span> <span class='ocrx_word' id='word_1_343' title='bbox 817 3589 882 3630; x_wconf 91' lang='lat' dir='ltr'><strong><em>non</em></strong></span> <span class='ocrx_word' id='word_1_344' title='bbox 904 3583 978 3632; x_wconf 89' lang='lat' dir='ltr'><strong><em>sunt</em></strong></span> <span class='ocrx_word' id='word_1_345' title='bbox 998 3568 1106 3631; x_wconf 88' lang='lat' dir='ltr'><strong><em>timori</em></strong></span> <span class='ocrx_word' id='word_1_346' title='bbox 1128 3566 1204 3631; x_wconf 91' lang='lat' dir='ltr'><strong><em>boni</em></strong></span> <span class='ocrx_word' id='word_1_347' title='bbox 1221 3570 1338 3653; x_wconf 87' lang='lat' dir='ltr'><strong><em>operis,</em></strong></span> 
     </span>
    </p>

    <p class='ocr_par' dir='ltr' id='par_1_13' title="bbox 216 3650 1340 3738">
     <span class='ocr_line' id='line_1_40' title="bbox 216 3650 1340 3738; baseline 0 -22"><span class='ocrx_word' id='word_1_348' title='bbox 216 3653 272 3717; x_wconf 90' lang='lat' dir='ltr'><strong><em>sed</em></strong></span> <span class='ocrx_word' id='word_1_349' title='bbox 302 3650 387 3732; x_wconf 89' lang='lat' dir='ltr'><strong><em>mali,</em></strong></span> <span class='ocrx_word' id='word_1_350' title='bbox 417 3651 533 3736; x_wconf 91' lang='lat' dir='ltr'><strong><em>quibus</em></strong></span> <span class='ocrx_word' id='word_1_351' title='bbox 563 3651 672 3736; x_wconf 89' lang='lat' dir='ltr'><strong><em>utique</em></strong></span> <span class='ocrx_word' id='word_1_352' title='bbox 703 3653 758 3738; x_wconf 91' lang='lat' dir='ltr'><strong><em>qui</em></strong></span> <span class='ocrx_word' id='word_1_353' title='bbox 780 3653 900 3716; x_wconf 89' lang='lat' dir='ltr'><strong><em>resistit</em></strong></span> <span class='ocrx_word' id='word_1_354' title='bbox 920 3653 990 3736; x_wconf 88' lang='lat' dir='ltr'><strong><em>ipse</em></strong></span> <span class='ocrx_word' id='word_1_355' title='bbox 1013 3651 1075 3715; x_wconf 87' lang='lat' dir='ltr'><strong><em>sibi</em></strong></span> <span class='ocrx_word' id='word_1_356' title='bbox 1097 3650 1340 3718; x_wconf 89' lang='lat' dir='ltr'><strong><em>damnationem</em></strong></span> 
     </span>
    </p>
   </div>
   <div class='ocr_carea' id='block_1_5' title="bbox 86 3732 1340 3835">
    <p class='ocr_par' dir='ltr' id='par_1_14' title="bbox 86 3732 1340 3835">
     <span class='ocr_line' id='line_1_41' title="bbox 86 3732 1340 3835; baseline 0.004 -38"><span class='ocrx_word' id='word_1_357' title='bbox 86 3734 205 3835; x_wconf 40' lang='lat'><strong><em>⁸23¹&amp;</em></strong></span> <span class='ocrx_word' id='word_1_358' title='bbox 215 3758 274 3823; x_wconf 89' lang='lat' dir='ltr'><strong><em>pro</em></strong></span> <span class='ocrx_word' id='word_1_359' title='bbox 296 3744 459 3819; x_wconf 85' lang='lat' dir='ltr'><strong><em>gestorum</em></strong></span> <span class='ocrx_word' id='word_1_360' title='bbox 482 3732 635 3821; x_wconf 88' lang='lat' dir='ltr'><strong><em>qualitate</em></strong></span> <span class='ocrx_word' id='word_1_361' title='bbox 651 3736 819 3822; x_wconf 88' lang='lat' dir='ltr'><strong><em>conquirit.</em></strong></span> <span class='ocrx_word' id='word_1_362' title='bbox 859 3735 910 3800; x_wconf 89' lang='lat' dir='ltr'><strong><em>Vis</em></strong></span> <span class='ocrx_word' id='word_1_363' title='bbox 925 3746 1042 3817; x_wconf 90' lang='lat' dir='ltr'><strong><em>autem,</em></strong></span> <span class='ocrx_word' id='word_1_364' title='bbox 1065 3736 1119 3816; x_wconf 91' lang='lat' dir='ltr'><strong><em>ait,</em></strong></span> <span class='ocrx_word' id='word_1_365' title='bbox 1142 3757 1210 3798; x_wconf 90' lang='lat' dir='ltr'><strong><em>non</em></strong></span> <span class='ocrx_word' id='word_1_366' title='bbox 1226 3739 1340 3802; x_wconf 89' lang='lat' dir='ltr'><strong><em>timere</em></strong></span> 
     </span>
    </p>
   </div>
   <div class='ocr_carea' id='block_1_6' title="bbox 216 3907 1340 4010">
    <p class='ocr_par' dir='ltr' id='par_1_15' title="bbox 216 3907 1340 4010">
     <span class='ocr_line' id='line_1_42' title="bbox 216 3907 1340 3961; baseline 0.002 -12"><span class='ocrx_word' id='word_1_367' title='bbox 216 3910 239 3960; x_wconf 85' lang='lat' dir='ltr'><strong><em>a)</em></strong></span> <span class='ocrx_word' id='word_1_368' title='bbox 255 3909 369 3950; x_wconf 80' lang='lat' dir='ltr'><strong><em>defendat</em></strong></span> <span class='ocrx_word' id='word_1_369' title='bbox 383 3909 434 3948; x_wconf 83' lang='lat' dir='ltr'><strong><em>Leo.</em></strong></span> <span class='ocrx_word' id='word_1_370' title='bbox 496 3907 520 3958; x_wconf 87' lang='lat' dir='ltr'><strong><em>b)</em></strong></span> <span class='ocrx_word' id='word_1_371' title='bbox 537 3910 648 3958; x_wconf 85' lang='lat' dir='ltr'><strong><em>quoniam</em></strong></span> <span class='ocrx_word' id='word_1_372' title='bbox 665 3940 670 3948; x_wconf 92' lang='lat'><strong><em>.</em></strong></span> <span class='ocrx_word' id='word_1_373' title='bbox 687 3939 694 3950; x_wconf 91' lang='lat'><strong><em>.</em></strong></span> <span class='ocrx_word' id='word_1_374' title='bbox 711 3939 715 3948; x_wconf 93' lang='lat'><strong><em>.</em></strong></span> <span class='ocrx_word' id='word_1_375' title='bbox 734 3936 739 3948; x_wconf 92' lang='lat'><strong><em>.</em></strong></span> <span class='ocrx_word' id='word_1_376' title='bbox 756 3909 894 3957; x_wconf 82' lang='lat' dir='ltr'><strong><em>temperavit</em></strong></span> <span class='ocrx_word' id='word_1_377' title='bbox 909 3907 980 3948; x_wconf 74' lang='lat' dir='ltr'><strong><em>auae.</em></strong></span> <span class='ocrx_word' id='word_1_378' title='bbox 1049 3908 1071 3958; x_wconf 87' lang='lat' dir='ltr'><strong><em>c)</em></strong></span> <span class='ocrx_word' id='word_1_379' title='bbox 1087 3907 1232 3958; x_wconf 85' lang='lat' dir='ltr'><strong><em>pontificium</em></strong></span> <span class='ocrx_word' id='word_1_380' title='bbox 1244 3911 1264 3961; x_wconf 90' lang='lat' dir='ltr'><strong><em>l,</em></strong></span> <span class='ocrx_word' id='word_1_381' title='bbox 1281 3911 1340 3960; x_wconf 79' lang='lat' dir='ltr'><strong><em>quod</em></strong></span> 
     </span>
     <span class='ocr_line' id='line_1_43' title="bbox 216 3968 474 4010; baseline -0.008 -2"><span class='ocrx_word' id='word_1_382' title='bbox 216 3969 334 4008; x_wconf 73' lang='lat' dir='ltr'><strong><em>ariaratus</em></strong></span> <span class='ocrx_word' id='word_1_383' title='bbox 350 3968 474 4010; x_wconf 84' lang='lat' dir='ltr'><strong><em>emendarit.</em></strong></span> 
     </span>
    </p>
   </div>
   <div class='ocr_carea' id='block_1_7' title="bbox 216 4108 1339 4250">
    <p class='ocr_par' dir='ltr' id='par_1_16' title="bbox 216 4108 1339 4250">
     <span class='ocr_line' id='line_1_44' title="bbox 218 4108 1339 4178; baseline 0.002 -19"><span class='ocrx_word' id='word_1_384' title='bbox 218 4112 252 4174; x_wconf 66' lang='lat' dir='ltr'><strong><em>lt</em></strong></span> <span class='ocrx_word' id='word_1_385' title='bbox 270 4109 289 4161; x_wconf 90' lang='lat' dir='ltr'><strong><em>l.</em></strong></span> <span class='ocrx_word' id='word_1_386' title='bbox 309 4126 333 4160; x_wconf 89' lang='lat' dir='ltr'><strong><em>e.</em></strong></span> <span class='ocrx_word' id='word_1_387' title='bbox 358 4126 385 4175; x_wconf 89' lang='lat' dir='ltr'><strong><em>p.</em></strong></span> <span class='ocrx_word' id='word_1_388' title='bbox 404 4109 467 4159; x_wconf 80' lang='lat'><strong><em>454.</em></strong></span> <span class='ocrx_word' id='word_1_389' title='bbox 561 4108 590 4174; x_wconf 81' lang='lat'><strong><em>2)</em></strong></span> <span class='ocrx_word' id='word_1_390' title='bbox 609 4109 733 4175; x_wconf 82' lang='lat' dir='ltr'><strong><em>Epistula</em></strong></span> <span class='ocrx_word' id='word_1_391' title='bbox 750 4109 849 4159; x_wconf 85' lang='lat' dir='ltr'><strong><em>Leonis</em></strong></span> <span class='ocrx_word' id='word_1_392' title='bbox 875 4108 909 4159; x_wconf 87' lang='lat' dir='ltr'><strong><em>ad</em></strong></span> <span class='ocrx_word' id='word_1_393' title='bbox 928 4108 1098 4159; x_wconf 86' lang='lat' dir='ltr'><strong><em>Pulcheriam</em></strong></span> <span class='ocrx_word' id='word_1_394' title='bbox 1118 4116 1272 4176; x_wconf 83' lang='lat' dir='ltr'><strong><em>augustam,</em></strong></span> <span class='ocrx_word' id='word_1_395' title='bbox 1293 4127 1339 4178; x_wconf 89' lang='lat' dir='ltr'><strong><em>ap.</em></strong></span> 
     </span>
     <span class='ocr_line' id='line_1_45' title="bbox 216 4181 1339 4250; baseline 0.001 -18"><span class='ocrx_word' id='word_1_396' title='bbox 216 4183 384 4245; x_wconf 86' lang='lat' dir='ltr'><strong><em>Hinschium,</em></strong></span> <span class='ocrx_word' id='word_1_397' title='bbox 398 4182 555 4234; x_wconf 85' lang='lat' dir='ltr'><strong><em>Decretales</em></strong></span> <span class='ocrx_word' id='word_1_398' title='bbox 569 4182 863 4245; x_wconf 87' lang='lat' dir='ltr'><strong><em>Pseudo-Isidorianae,</em></strong></span> <span class='ocrx_word' id='word_1_399' title='bbox 876 4182 951 4248; x_wconf 84' lang='lat' dir='ltr'><strong><em>Lips.</em></strong></span> <span class='ocrx_word' id='word_1_400' title='bbox 965 4181 1045 4242; x_wconf 83' lang='lat'><strong><em>1863,</em></strong></span> <span class='ocrx_word' id='word_1_401' title='bbox 1064 4200 1091 4249; x_wconf 88' lang='lat' dir='ltr'><strong><em>p.</em></strong></span> <span class='ocrx_word' id='word_1_402' title='bbox 1107 4183 1169 4232; x_wconf 80' lang='lat'><strong><em>603.</em></strong></span> <span class='ocrx_word' id='word_1_403' title='bbox 1221 4182 1253 4247; x_wconf 85' lang='lat'><strong><em>3)</em></strong></span> <span class='ocrx_word' id='word_1_404' title='bbox 1272 4185 1339 4250; x_wconf 82' lang='lat' dir='ltr'><strong><em>Epi-</em></strong></span> 
     </span>
    </p>
   </div>
   <div class='ocr_carea' id='block_1_8' title="bbox 215 4255 1340 4396">
    <p class='ocr_par' dir='ltr' id='par_1_17' title="bbox 215 4255 1340 4396">
     <span class='ocr_line' id='line_1_46' title="bbox 215 4255 1340 4322; baseline 0.001 -16"><span class='ocrx_word' id='word_1_405' title='bbox 215 4256 302 4307; x_wconf 87' lang='lat' dir='ltr'><strong><em>stulae</em></strong></span> <span class='ocrx_word' id='word_1_406' title='bbox 325 4257 503 4307; x_wconf 80' lang='lat' dir='ltr'><strong><em>Romanorum</em></strong></span> <span class='ocrx_word' id='word_1_407' title='bbox 522 4255 680 4322; x_wconf 88' lang='lat' dir='ltr'><strong><em>pontificum</em></strong></span> <span class='ocrx_word' id='word_1_408' title='bbox 704 4257 837 4320; x_wconf 75' lang='lat' dir='ltr'><strong><em>gannitum</em></strong></span> <span class='ocrx_word' id='word_1_409' title='bbox 858 4255 901 4305; x_wconf 87' lang='lat' dir='ltr'><strong><em>ed.</em></strong></span> <span class='ocrx_word' id='word_1_410' title='bbox 926 4255 1010 4305; x_wconf 84' lang='lat' dir='ltr'><strong><em>Andr.</em></strong></span> <span class='ocrx_word' id='word_1_411' title='bbox 1031 4256 1118 4316; x_wconf 88' lang='lat' dir='ltr'><strong><em>Thiel,</em></strong></span> <span class='ocrx_word' id='word_1_412' title='bbox 1144 4257 1340 4322; x_wconf 80' lang='lat' dir='ltr'><strong><em>Brunsbergae</em></strong></span> 
     </span>
     <span class='ocr_line' id='line_1_47' title="bbox 218 4328 829 4396; baseline 0.002 -19"><span class='ocrx_word' id='word_1_413' title='bbox 218 4329 297 4392; x_wconf 87' lang='lat'><strong><em>1868,</em></strong></span> <span class='ocrx_word' id='word_1_414' title='bbox 319 4331 340 4392; x_wconf 87' lang='lat' dir='ltr'><strong><em>I,</em></strong></span> <span class='ocrx_word' id='word_1_415' title='bbox 360 4348 387 4396; x_wconf 90' lang='lat' dir='ltr'><strong><em>p.</em></strong></span> <span class='ocrx_word' id='word_1_416' title='bbox 408 4328 470 4380; x_wconf 81' lang='lat'><strong><em>568.</em></strong></span> <span class='ocrx_word' id='word_1_417' title='bbox 546 4330 574 4392; x_wconf 85' lang='lat'><strong><em>4)</em></strong></span> <span class='ocrx_word' id='word_1_418' title='bbox 593 4330 612 4379; x_wconf 92' lang='lat' dir='ltr'><strong><em>l.</em></strong></span> <span class='ocrx_word' id='word_1_419' title='bbox 634 4345 657 4379; x_wconf 88' lang='lat' dir='ltr'><strong><em>e.</em></strong></span> <span class='ocrx_word' id='word_1_420' title='bbox 677 4329 701 4391; x_wconf 97' lang='lat' dir='ltr'><strong><em>I,</em></strong></span> <span class='ocrx_word' id='word_1_421' title='bbox 720 4345 745 4394; x_wconf 93' lang='lat' dir='ltr'><strong><em>p.</em></strong></span> <span class='ocrx_word' id='word_1_422' title='bbox 767 4328 829 4378; x_wconf 81' lang='lat'><strong><em>351.</em></strong></span> 
     </span>
    </p>
   </div>
   <div class='ocr_carea' id='block_1_9' title="bbox 0 0 1410 4830">
    <p class='ocr_par' dir='ltr' id='par_1_18' title="bbox 0 0 1410 4830">
     <span class='ocr_line' id='line_1_48' title="bbox 0 0 1410 4830; baseline 0 0"><span class='ocrx_word' id='word_1_423' title='bbox 0 0 1410 4830; x_wconf 95' lang='lat' dir='ltr'><strong><em> </em></strong></span> 
     </span>
    </p>
   </div>
  </div>
 </body>
</html>
