2812 4830
234 352 286 402 res
411 326 461 402 ou
480 351 640 402 onrrsru
659 349 866 402 accursum
886 351 1164 404 conserviunt.

233 527 280 578 ltoc
303 526 422 593 suscipit
441 526 519 577 Nihil
536 526 598 577 inde
613 541 756 591 postumat
775 524 871 587 dicae,
891 542 950 576 eam
967 525 1111 593 manifecte
1130 524 1289 594 diffinitione
1305 528 1341 580 de·

90 613 147 655 bne.
157 611 221 667 ³,11.
232 600 359 666 sciptum
377 601 418 663 cit,
439 601 468 652 in
487 616 541 665 quc
560 599 672 650 dieder.-
690 597 756 660 ‘Qut
773 599 852 649 tedet
870 600 940 651 daos
956 598 1070 664 tratiaco,
1089 601 1134 652 det
1153 618 1209 652 nen
1224 600 1339 662 hcdeotd;

232 691 265 726 erc
290 691 342 740 quo
367 672 425 725 eine
449 673 531 725 dubio
545 673 695 739 plurimae*
715 671 810 724 dobere
828 672 949 724 illicitum
972 682 1018 725 ert.
1058 673 1160 735 maus
1180 691 1241 742 erqo
1259 674 1340 727 totos

232 749 303 801 daos
322 747 426 798 tunicae
444 764 499 798 non
518 744 584 810 licet,
605 746 646 797 tto
658 746 787 811 quomodo
801 744 906 812 alicuid
925 747 958 797 dc
969 745 1123 799 diversitate
1138 747 1339 799 indumentorum

225 828 350 896 praecipi
361 829 468 895 potest?
497 829 572 891 Quae
586 835 682 892 oetan,
702 813 816 899 inquit,
830 829 1001 894 postmodum
1015 829 1169 881 introducta
1184 838 1247 880 sunt
1260 830 1338 881 dume

230 927 283 962 rece
307 910 377 963 vitoe
401 910 529 978 artificiis,
558 911 684 962 luceriae
706 911 811 979 incenia
831 919 892 963 sumt
916 911 1071 977 conquirite.
1109 896 1247 981 Legitur
1267 899 1337 961 enlm

230 980 264 1042 in
287 977 517 1043 Ecclesiastiea
537 978 691 1061 Historia,
715 978 802 1066 quod
827 979 1018 1044 Montanus1
1059 979 1170 1044 uidam
1194 980 1336 1046 hereticus

231 1061 370 1148 duplicis
391 1064 576 1128 vestimenti
602 1071 714 1127 auctor
735 1064 886 1147 extiterit,
920 1074 952 1128 et
975 1001 1059 1150 quod
1086 1075 1262 1130 sectatores
1283 1067 1335 1130 eius

229 1147 357 1211 initium
373 1149 570 1235 sumpserint
591 1171 633 1213 ex
647 1148 818 1234 imperitia,
841 1157 960 1213 etcum
976 1150 1178 1235 praeceperit
1192 1150 1333 1214 Dominus

230 1230 312 1295 duas
341 1233 468 1297 tunicas
497 1255 562 1297 non
590 1234 715 1317 portari
743 1255 804 1297 nec
825 1233 937 1297 vestiri
959 1231 1134 1299 ambitione
1156 1227 1332 1315 Pharisaioa

231 1337 287 1380 eos
310 1317 420 1381 omnia
440 1340 536 1402 agere
559 1319 721 1382 contraria
741 1325 774 1382 et
795 1338 834 1381 ea
855 1315 950 1381 simul
971 1318 1140 1403 acquirere
1166 1328 1200 1383 et
1221 1341 1333 1403 congre·

231 1422 320 1486 gare,
343 1421 425 1487 quae
447 1403 608 1466 Dominus
631 1402 728 1465 etiam
750 1399 905 1466 habentes
927 1400 1017 1465 iubet
1037 1401 1176 1468 abicere.
1213 1402 1331 1467 Proinde

75 1486 328 1558 nu0.1t,sr.etiam
350 1485 397 1551 ait
417 1486 452 1549 in
473 1484 642 1571 euangelio
657 1486 827 1550 Dominus:
857 1485 923 1560 Qut
944 1509 1011 1551 non
1031 1486 1170 1569 deiciet,
1192 1487 1330 1574 inquiem,

231 1591 357 1635 crucem
372 1593 468 1635 auant
490 1580 519 1634 et
532 1573 630 1648 uenit,
652 1593 717 1635 aon
730 1580 835 1655 potest
849 1593 939 1634 meuc
953 1592 1020 1634 ecce
1033 1570 1230 1657 disciputus.
1260 1572 1330 1637 Crux

231 1654 353 1739 quippe
374 1654 509 1719 Domini
530 1676 594 1718 non
616 1653 670 1718 illa
690 1663 816 1719 tantum
838 1652 964 1735 dicitur,
986 1677 1069 1741 quae
1089 1657 1251 1741 passionis
1271 1665 1330 1720 ten·

229 1758 310 1822 pore
337 1737 418 1824 ligni
445 1738 599 1803 affixione
629 1740 834 1819 construitur,
861 1738 919 1802 sed
946 1737 1011 1821 illa,
1039 1760 1121 1824 quae
1143 1743 1242 1806 totius
1262 1742 1328 1805 vitae

230 1823 390 1887 curriculo
407 1832 595 1888 cunctarum
609 1823 851 1908 disciplinarum
866 1823 1040 1888 virtutibus
1055 1834 1234 1910 coaptatur.
1255 1824 1328 1890 Unde

230 1918 262 1970 et
288 1906 323 1969 in
350 1912 443 1992 signo
471 1911 576 1973 crucis
597 1906 792 1972 describitur
812 1929 877 1971 non
899 1905 1002 1971 solum
1024 1917 1092 1972 tota
1113 1909 1262 1978 monachi
1281 1909 1328 1973 viu

229 2001 262 2057 et
291 1991 460 2075 institutio,
494 1992 551 2058 sed
583 1993 686 2056 omnis
719 1992 894 2057 christiana
926 1992 1020 2074 actio,
1048 1991 1131 2058 bene
1161 1993 1327 2080 operariis

230 2075 359 2140 Christo
375 2086 407 2142 et
421 2078 452 2142 ei
465 2088 709 2162 perseveranter
722 2075 896 2158 inhaerere,
920 2075 1070 2141 caelestia
1084 2099 1224 2164 sperare,
1246 2097 1326 2143 sacra·

67 2169 338 2237 opsuusamema
368 2183 434 2227 non
491 2162 648 2244 rofanare,
676 2171 721 2242 ut,
754 2162 839 2226 sicut
863 2161 910 2225 ait
941 2160 1116 2246 apostolus,
1144 2166 1183 2228 in
1212 2165 1324 2228 caritate

228 2245 378 2310 radicati
406 2257 435 2311 ct
477 2248 598 2311 nudati
619 2248 787 2332 poscimus
814 2246 1080 2329 comprehendere
1106 2271 1180 2312 cum
1202 2247 1324 2312 omnilot

229 2332 365 2411 sanctis,
388 2354 472 2416 quae
492 2332 537 2394 eit
563 2331 703 2394 latitudo
726 2339 754 2393 et
775 2328 947 2415 'lonyr'tudo
970 2339 999 2393 ct
1020 2329 1202 2395 sublimitas
1223 2333 1322 2415 etpro-

220 2413 382 2498 fundunt,
411 2415 444 2477 id
472 2422 520 2478 est
546 2435 676 2478 crucem
704 2414 848 2495 Domini,
876 2414 968 2478 cuius
996 2413 1132 2490 latitudo
1165 2413 1324 2479 diciturin

229 2507 410 2562 transverso
432 2496 531 2596 ligno,
555 2518 619 2584 quo
641 2496 860 2563 extenduntur
880 2518 1004 2579 manus,
1026 2497 1195 2584 longitudo
1223 2509 1323 2563 atem

229 2602 331 2667 usque
352 2581 394 2645 ad
416 2580 618 2646 lat1tudinem
640 2583 756 2666 ipsam,
779 2604 842 2681 quo
868 2605 889 2646 a
912 2581 1062 2647 manibus
1089 2593 1121 2648 et
1141 2584 1226 2648 infra
1244 2591 1324 2647 toton
1366 2640 1368 2651 .

229 2686 346 2750 corpus
368 2665 520 2750 affigitur,
542 2664 676 2731 altitudo
697 2665 737 2730 de
751 2665 918 2731 lat1tudine
940 2688 1066 2731 sursum
1089 2690 1193 2754 usque
1209 2667 1249 2733 ad
1262 2688 1324 2732 snm·

228 2771 328 2830 mum,
351 2772 414 2837 quo
436 2748 590 2815 adhaeret
611 2771 649 2815 ea
673 2760 718 2832 ut,
746 2751 942 2836 profundum
964 2772 1052 2826 vero,
1082 2774 1148 2838 quo
1174 2762 1272 2819 terrae
1293 2751 1324 2814 in·

228 2833 330 2897 fixum
363 2835 581 2905 absconditur.
662 2856 737 2920 rgo,
771 2837 854 2900 sicut
889 2836 1010 2901 dictum
1043 2846 1105 2917 est,
1140 2836 1264 2902 cuculla
1290 2840 1323 2900 est

227 2919 337 2984 tunica
368 2917 477 2985 talaris
511 2930 542 2986 et
571 2919 731 2984 cucullata
759 2929 856 3006 atque
884 2921 1053 3003 manicata,
1081 2921 1140 2986 ubi
1167 2923 1258 3008 quasi
1282 2938 1323 3006 per

228 3001 390 3090 quendam
405 3004 630 3091 paedagogum
646 3005 802 3070 docentur
815 3005 963 3090 superius
978 3005 1209 3091 comprehensa
1219 3015 1323 3071 sancta

228 3090 333 3152 crucis
360 3091 524 3175 mysteria,
553 3098 589 3153 ut
616 3090 651 3152 in
679 3088 847 3153 latitudine
875 3090 916 3154 sit
938 3092 1054 3154 caritas
1075 3089 1160 3154 bene
1182 3113 1201 3155 o
1225 3087 1322 3167 eraudi,

226 3173 261 3236 in
281 3172 482 3257 longitudine
496 3174 736 3260 perseverantia
757 3172 891 3237 firmiter
905 3172 1101 3257 inhaerendi,
1123 3176 1158 3239 in
1180 3114 1323 3240 allitudine

227 3257 454 3344 contemplatio
481 3257 627 3323 caelestis
653 3259 748 3339 vitae,
777 3257 997 3322 inscrutabilia
1027 3259 1061 3323 in
1092 3259 1252 3346 profundo
1278 3255 1324 3323 Dei

226 3342 366 3423 iudicia,
398 3343 484 3408 unde
515 3344 578 3407 ieta
609 3344 644 3406 in
675 3342 820 3406 homines
851 3343 940 3408 venit
970 3345 1084 3428 gratia.
1136 3343 1229 3411 Sicut
1259 3343 1323 3410 enim

227 3425 405 3491 monachus
432 3437 481 3492 est
502 3426 697 3491 vocabulum
723 3425 886 3513 quoddam
907 3429 1062 3513 mysterii,
1088 3427 1136 3494 sic
1164 3438 1196 3494 et
1221 3423 1323 3494 cuculla

227 3518 277 3575 est
305 3510 463 3596 quaedam
493 3512 595 3576 virtus
622 3511 822 3592 sacramenti,
853 3509 946 3597 quale
973 3512 1098 3577 scilicet
1118 3515 1322 3579 vestimentum

227 3596 274 3659 sic
299 3597 430 3661 metitur
456 3597 491 3659 in
512 3594 624 3680 regula
645 3617 705 3660 sua
727 3605 856 3661 sanctus
878 3595 1017 3662 Basilius
1040 3619 1057 3662 e
1082 3597 1232 3685 iscopus²
1252 3600 1321 3662 iuxta
1366 3592 1368 3599 ’

227 3679 403 3744 doctrinam
434 3688 466 3744 et
494 3690 705 3765 praeceptum
735 3678 881 3765 apostoli,
908 3690 945 3745 ut
969 3703 1032 3745 nec
1059 3621 1191 3747 lrevins
1218 3684 1258 3748 sit
1278 3697 1319 3744 net
1365 3726 1368 3739 .

226 3763 390 3848 grandius,
421 3785 519 3848 quam
540 3764 582 3829 ad
605 3773 759 3830 staturam
781 3763 940 3829 monachi.
984 3765 1091 3846 Quam
1114 3776 1199 3832 certe
1221 3775 1319 3832 senten·

226 3848 304 3912 tiam
335 3848 504 3912 confirmat
529 3860 657 3915 sanctus
683 3857 776 3935 pater
796 3847 992 3915 Benedictus
1021 3851 1153 3933 abbam,
1181 3851 1318 3938 inquient:

226 4008 250 4061 a)
266 4011 380 4060 plurimos
396 4013 417 4054 1.

229 4123 256 4190 1)
282 4125 362 4192 Apud
382 4128 506 4193 antiquos
530 4127 658 4178 historiae
679 4127 883 4179 ecclesiasticae
902 4127 1046 4194 scriptores
1070 4128 1126 4180 tale
1149 4127 1214 4196 quid
1229 4140 1275 4178 non
1287 4123 1316 4172 in·

225 4200 298 4250 veni.
336 4199 391 4251 Sed
411 4200 524 4251 sortasse
543 4201 611 4251 haec
632 4203 723 4268 opinio
744 4207 803 4253 orta
823 4207 916 4253 estex
935 4201 982 4268 eis,
1007 4217 1077 4268 quac
1095 4202 1228 4255 Eusebiae
1243 4199 1272 4263 V,
1286 4190 1316 4243 14·

227 4278 254 4323 et
281 4273 449 4339 Nicephorus
475 4274 523 4337 1v‚
544 4274 589 4325 22.
618 4275 652 4325 de
682 4275 778 4327 dnabis
806 4273 861 4326 illie
889 4274 1067 4341 prophetissis
1088 4281 1206 4337 umam,
1228 4278 1315 4341 qum!

225 4346 410 4398 familiaritate
436 4348 594 4398 Montanum
619 4365 695 4400 usum
722 4365 781 4400 esse
805 4347 915 4399 trudan*
1167 4346 1229 4401 “M
1246 4342 1314 4413 01¹ss

223 4420 247 4485 I,
268 4421 331 4472 324.
351 4420 414 4472 471.
489 4417 520 4486 3)
539 4422 643 4473 Bened.
663 4423 730 4487 Reg.
757 4438 781 4473 c.
801 4422 845 4475 tt.
