2812 4830
514 396 730 449 PRAEFATIO.
1106 397 1188 449 xvn

67 562 183 630 stallae
217 563 335 647 (1106)
368 584 435 626 esse
458 562 602 647 factam.
645 564 687 627 In
716 585 779 649 quo
807 562 947 629 coneilio
980 586 1051 627 cum
1081 584 1188 627 omnes

67 650 224 734 episcopi,
255 649 312 732 qui
343 647 541 731 temporibus
570 647 706 712 discidii
730 649 797 712 siae
823 648 1008 712 schismatis
1041 646 1193 711 ordinati

68 741 174 812 erant,
204 732 398 794 auctoritate
419 753 536 815 papae
562 731 847 814 confirmarentur,
878 734 936 832 qui
964 732 1094 815 quidem
1121 753 1187 794 non

64 839 128 903 per
145 816 309 900 fraudem
338 815 520 879 introducti
547 813 597 878 vel
624 814 771 879 scelerati
792 816 842 879 uel
864 818 1052 880 semonistae
1074 823 1192 895 essent,

69 922 137 964 non
159 901 280 964 mirum
302 907 356 978 est,
380 897 466 983 quod
486 901 527 980 is,
547 900 604 983 qui
624 907 715 963 tanta
737 900 845 964 studio
869 900 1091 964 dedesiderio
1114 899 1192 962 uni·

69 992 168 1047 tatem
185 982 338 1047 ecclesiae
359 983 579 1066 appetivisset,
601 991 688 1046 statu
709 1006 817 1048 rerum
838 993 972 1064 mutato,
995 981 1042 1046 ad
1060 1004 1190 1066 papam

72 1070 184 1132 animo
206 1065 390 1130 inclinauit.

156 1151 247 1214 Haec
283 1171 366 1234 quae
402 1149 441 1213 de
473 1150 543 1213 nita
570 1148 743 1214 Waltrami
778 1150 871 1214 nolis
908 1149 1026 1214 litteris
1060 1149 1189 1213 tradita

71 1243 158 1315 sunt,
191 1235 221 1298 si
256 1256 329 1298 cum
364 1234 408 1296 iis
442 1233 538 1297 rebus
571 1255 800 1317 comparamus
835 1256 919 1319 quas
956 1235 995 1298 ele
1031 1235 1194 1317 scriptore

72 1320 172 1381 huius
206 1317 379 1402 apoloqiae
412 1339 452 1379 eu
484 1318 556 1380 eius
584 1320 695 1402 ipsius
726 1317 810 1381 libro
842 1319 1007 1398 audimus,
1034 1318 1064 1381 si
1092 1339 1190 1401 qnae-

71 1404 185 1480 rimus,
208 1409 316 1464 utrum
341 1398 541 1465 Waltramus
561 1401 677 1464 librum
699 1403 869 1485 scripserit
890 1423 1000 1480 necne,
1021 1423 1074 1465 res
1097 1400 1195 1464 nobis

71 1487 120 1549 ita
137 1484 359 1548 diiudicanda
376 1493 439 1548 est:
457 1485 564 1548 Multa
583 1493 661 1548 sunt
679 1485 798 1570 quibus
815 1485 1033 1566 adducamur,
1051 1494 1087 1548 ut
1103 1485 1189 1549 Wal-

69 1578 210 1633 tramum
231 1568 349 1632 librum
371 1571 429 1653 qui
447 1577 492 1633 est
514 1569 555 1633 de
571 1570 696 1632 unitate
718 1569 789 1633 eccl.
807 1592 894 1634 cons.
917 1570 1087 1653 scripsisse
1104 1568 1195 1632 arbi--

71 1662 202 1733 tremor,
225 1652 310 1716 altit
327 1661 373 1715 est
390 1674 453 1736 quo
471 1654 703 1737 impediamur,
725 1657 900 1737 quominus
918 1653 977 1717 loc
997 1662 1194 1716 statuamus.

72 1734 140 1800 Sed
170 1759 275 1800 cansa
308 1759 375 1800 non
408 1745 523 1817 eustat,
557 1760 623 1821 qua
646 1759 803 1822 coqamur
830 1739 947 1817 dicere,
975 1737 1191 1801 Waltramum

70 1819 164 1884 illum
190 1819 310 1884 librum
342 1822 524 1902 scripsisse,
556 1842 615 1883 nec
645 1843 798 1904 umquam
830 1820 976 1901 eustadii,
1009 1823 1077 1885 nisi
1098 1821 1196 1904 forts

55 1903 161 1967 ¹alius
190 1904 291 1967 codeee
317 1905 509 1988 reperietur,
538 1905 596 1988 qui
623 1903 741 1967 labent
769 1926 884 1968 nomen
911 1906 1065 1967 auctoris.
1112 1902 1194 1968 Cum

72 1990 179 2072 iqitur
207 2009 259 2050 res
290 1987 427 2071 qraoior
456 1988 508 2066 sit,
536 2009 634 2071 quam
663 1996 699 2049 ut
725 1986 788 2051 levi
816 1990 1004 2051 coniectura
1023 1987 1197 2071 pendatur

73 2070 249 2154 meliusque
275 2073 314 2134 in
339 2093 374 2133 re
403 2070 506 2134 dulia
528 2079 682 2154 peccetur
708 2072 745 2135 in
775 2092 846 2134 eam
862 2079 1005 2155 partem,
1034 2093 1117 2155 qaae
1146 2079 1193 2134 est

73 2156 214 2234 cautior,
258 2176 335 2217 uam
358 2176 440 2238 quae
459 2163 504 2218 est
520 2154 691 2236 audacior,
711 2157 809 2218 etiam
823 2159 892 2219 nos'
905 2155 991 2219 litem
1013 2155 1111 2239 quasi
1132 2155 1193 2218 sub

72 2239 183 2302 iudice
205 2176 429 2323 relinquimus.
472 2237 624 2301 Attamen
651 2238 710 2302 loc
731 2238 825 2302 nobis
847 2240 1013 2318 sumimus,
1034 2247 1102 2302 tom
1122 2239 1195 2302 veri

72 2321 178 2386 simile
215 2343 293 2401 esse,
337 2320 551 2386 Waltramum
590 2324 781 2405 scriptorem
820 2320 898 2386 libri
935 2324 1043 2386 nostri
1067 2321 1195 2404 fuisse,

74 2414 111 2469 ut
139 2407 169 2469 ei
197 2405 349 2490 qloriam,
380 2428 477 2551 quam
507 2405 570 2469 sibi
596 2404 754 2491 apoloqia
785 2408 973 2491 conscripta
997 2408 1138 2490 paravit
1163 2414 1192 2470 et

74 2511 141 2574 qua
173 2511 275 2573 usque
308 2490 354 2553 ad
407 2513 471 2553 unc
503 2490 588 2553 diem
620 2490 711 2554 nullo
738 2501 947 2576 repuqnante
964 2489 1104 2575 fruetus
1136 2497 1195 2570 est,

68 2582 284 2657 praereptam
313 2573 464 2639 nolimus.
508 2573 553 2636 At
575 2596 615 2637 ue
637 2574 766 2658 quidem
789 2574 1001 2639 Hersoeldiae
1023 2597 1124 2659 usque
1147 2575 1196 2638 ad

73 2679 148 2740 cap.
173 2658 222 2720 14.
251 2656 329 2720 libri
350 2657 396 2737 II,
431 2657 509 2721 inde
537 2597 578 2720 al
605 2658 664 2722 ltoc
691 2660 799 2742 capite
827 2658 1016 2744 Numburqi
1048 2661 1115 2721 scri
1139 2660 1192 2722 sit.

73 2741 165 2805 Nam
191 2743 308 2804 insunt
336 2743 373 2804 in
403 2764 477 2826 cap.
501 2739 550 2806 15.
577 2741 657 2805 libri
678 2742 724 2805 ΙΙ.
751 2741 923 2823 nonnulla,
951 2763 1035 2825 quae
1063 2681 1191 2806 indicio

73 2834 160 2904 sunt,
193 2826 275 2889 satis
306 2823 442 2909 lonqum
470 2824 680 2888 interuallum
709 2829 862 2910 temporis
890 2828 1092 2890 interiectum
1125 2847 1192 2889 esse

73 2910 160 2972 inter
180 2908 239 2972 loc
255 2917 356 2991 caput
378 2915 406 2970 et
420 2908 535 2991 capita
578 2931 641 2972 uae
662 2919 852 2991 sequuntur.
886 2910 958 2973 Hoc
973 2910 1060 2973 enim
1075 2913 1194 2994 capite,

73 2994 171 3056 cuius
197 2993 234 3055 in
263 2993 359 3057 initio
388 2990 475 3054 idem
496 2931 626 3054 venirem
648 2991 833 3076 Auqustini
852 2993 958 3056 locum
979 2994 1082 3074 labet,
1105 2993 1196 3078 quod

74 3075 169 3140 nobis
196 3100 223 3139 c.
247 3078 275 3138 1.
304 3074 360 3138 lib.
383 3075 409 3138 I.
439 3075 593 3153 occurrit,
621 3074 724 3137 multa
752 3084 946 3158 repetuntur
974 3099 1058 3161 quae
1086 3097 1192 3161 supra

74 3161 165 3223 dicta
192 3168 297 3239 erant,
327 3158 644 3242 comprehenduntur
672 3181 755 3243 quae
784 3157 979 3258 sinqillatim
1006 3169 1103 3222 antea
1137 3181 1194 3222 ero<

68 3246 185 3329 posita
207 3251 311 3306 eraut.
355 3241 489 3307 Accedit
510 3243 598 3326 qnod
619 3250 721 3390 capnt
744 3241 792 3306 17.
819 3241 897 3306 libri
917 3242 944 3304 I.
967 3245 1197 3326 scriptumest

76 3336 151 3390 ante
172 3326 276 3408 finem
304 3329 389 3390 anni
413 3327 504 3406 1090,
536 3349 608 3410 cap.
637 3327 650 3389 l
675 3371 682 3387 .
712 3324 790 3390 libri
811 3327 857 3407 II,
883 3335 1025 3411 tempore
1052 3327 1193 3390 duorum

64 3412 144 3495 fere
171 3432 336 3474 annorum
355 3411 532 3490 interiecto,
557 3432 646 3474 anno
675 3410 767 3473 1092.
814 3408 906 3484 Quae
937 3411 1136 3475 intermissio
1171 3433 1193 3474 a

75 3495 246 3559 scribendo
264 3493 367 3578 facta
394 3517 461 3558 esse
489 3494 619 3559 uidetur
646 3496 762 3558 itinere
783 3495 1014 3580 Numbnrqum
1036 3503 1194 3578 suscepto.

160 3578 257 3642 Liber
284 3599 358 3642 vero
388 3600 404 3640 e
433 3579 537 3642 tribus
588 3578 715 3642 artibus
742 3588 876 3658 constat,
907 3600 1049 3664 quarum
1075 3580 1193 3664 prima

73 3661 305 3746 refutationem
336 3662 496 3747 epistulae
529 3685 550 3724 a
607 3661 834 3727 Hildebrando
871 3665 916 3728 ud
952 3664 1193 3728 Herimannum

75 3748 264 3831 episcopum
281 3747 454 3811 Metensem
475 3749 594 3811 missae
614 3748 764 3826 continet,
785 3749 985 3832 inquorum
1008 3747 1112 3811 altera
1135 3751 1193 3813 im·

70 3838 249 3915 puqnatur
267 3854 283 3894 e
309 3831 409 3895 istula
430 3832 583 3894 monachi
604 3830 778 3895 cuiusdam
801 3832 1055 3917 Hirsauqiensis
1076 3841 1193 3895 contra

79 3913 266 3978 Clementem
277 3854 341 3978 pss
358 3938 499 4000 papam,
522 3916 559 3978 in
575 3936 716 3998 quarum
730 3917 837 3996 tertia,
855 3938 939 3999 quae
954 3938 1021 3978 non
1037 3915 1193 3997 adfinem

77 3998 177 4062 ducta
198 4008 253 4079 est,
278 4001 392 4083 oqitur
410 3999 449 4062 de
471 3999 505 4062 oi
526 4006 815 4062 sacramentorum.

163 4085 190 4146 1.
235 4082 411 4166 Postquam
433 4083 599 4146 Henricus
620 4082 679 4146 IV.
696 4083 907 4165 paenitentia
932 4080 1095 4146 Canossae
1118 4090 1193 4146 acta

77 4168 283 4230 anathemate
305 4187 338 4228 se
359 4164 463 4244 solvit,
484 4186 593 4249 papa,
622 4166 680 4250 qai
701 4165 787 4229 nihil
810 4166 906 4230 aliud
927 4165 1102 4249 spectabat,
1125 4166 1194 4228 nisi

76 4259 113 4313 ut
128 4247 343 4314 Germaniam
363 4248 480 4312 induo
502 4270 608 4334 reqna
628 4248 788 4313 diuideret
809 4249 998 4332 divisaeque
1019 4250 1197 4331 imperium

77 4341 312 4419 assequeretur,
339 4341 529 4397 conuentum
558 4353 655 4417 aqere
684 4335 721 4396 in
750 4333 812 4397 lac
840 4342 931 4396 terra
960 4332 1134 4408 constituit,
1155 4330 1193 4391 in

939 4431 962 4480 B
