2812 4830
235 337 269 384 14
428 333 478 383 nn
497 318 657 383 nutrire
676 328 881 390 nocensne
902 329 1181 382 consueverint.

73 529 224 581 irenam.
236 498 533 586 superintendentes
547 497 695 561 dicuntur
717 518 758 560 ex
774 495 900 560 Graeca
913 495 1082 560 locutione.
1112 498 1237 580 Deam,
1260 500 1366 586 inquit

236 580 411 670 apostolus,
432 585 546 663 timete,
568 604 674 667 repent
696 580 917 661 honorificate.
950 578 1083 665 Alioqui
1103 591 1186 665 puta
1202 583 1306 647 etiam
1325 585 1366 648 de

236 670 308 754 ipso
330 666 433 752 princi
457 688 475 729 e
497 664 699 729 sacerdotum
722 685 760 728 eo
782 663 878 727 modo
901 664 1037 728 sensisse
1051 686 1173 748 regem,
1198 687 1267 752 quo
1288 667 1365 752 iegi-

237 774 307 815 mus
330 751 407 814 scite
429 689 569 812 ddoutum
591 748 690 811 fuisse
711 747 891 810 Domitium
913 757 1082 812 oratorem.
1129 749 1200 815 Car·
1224 774 1297 836 epo,
1317 753 1358 815 in·

239 836 317 921 quit,
345 844 373 897 te
400 835 532 897 habeam
559 843 594 895 nt
617 833 817 915 principem,
848 855 919 895 carn
946 841 982 895 ta
1010 854 1058 896 rne
1081 855 1148 896 non
1176 834 1307 900 habeas
1327 845 1363 900 nt

74 917 438 996 namnraeenatoreni?
471 917 515 980 Et
535 916 695 980 Dominus
722 917 755 977 in
778 913 960 998 euangelio:
995 916 1123 996 Omnia,
1154 940 1243 1002 qaae
1266 917 1363 985 vatu-

236 1012 272 1067 nt
280 1001 421 1087 faciant
436 1001 525 1065 vobis
540 1001 693 1078 homines,
717 998 827 1062 eodeni
850 1009 879 1061 et
897 1021 953 1063 voe
964 1001 1074 1084 facim
1088 1001 1152 1082 iie;
1175 1002 1261 1066 naec
1277 1005 1355 1068 enirn

235 1087 289 1168 ait,
310 1085 362 1150 iere
384 1095 413 1149 et
461 1085 624 1168 rophetae.
669 1081 734 1147 Sed
763 1104 859 1167 saepe
885 1082 989 1147 dictus
1016 1104 1055 1146 ac
1081 1105 1178 1168 saepe
1201 1085 1361 1151 dicendus·

234 1192 320 1256 papa
334 1107 527 1232 Hildedrant
548 1189 582 1231 re
606 1187 667 1248 em,
690 1188 785 1263 quem
808 1167 920 1231 beatus
942 1168 1056 1231 Petrus
1077 1167 1249 1252 apostolus
1273 1193 1355 1257 prae

236 1254 315 1338 cipit
334 1253 556 1332 honorificare,
582 1190 672 1313 {unc
701 1248 753 1313 ille
776 1251 900 1334 quaerit
931 1251 977 1314 ita
997 1249 1202 1334 inhonorare,
1225 1266 1265 1318 ut
1286 1254 1361 1320 velit

235 1358 356 1418 omnes,
378 1337 406 1399 si
432 1334 502 1398 fieri
523 1335 633 1418 possit,
656 1342 801 1397 avertere
822 1333 863 1397 ab
886 1336 954 1398 eius
977 1337 1214 1401 communione.
1256 1339 1359 1403 Huius

234 1421 283 1484 rei
303 1420 408 1504 gratia
429 1417 557 1502 scripsit
586 1416 664 1481 illud
687 1437 815 1502 quoque
847 1416 1024 1502 capitulum
1049 1419 1091 1483 ad
1121 1421 1359 1486 confirmandos

235 1506 360 1567 animos
395 1502 535 1587 partium
571 1523 717 1580 suarum,
750 1499 800 1565 vel
840 1501 882 1564 ad
917 1501 1176 1586 multiplicandos
1214 1505 1359 1570 homines

238 1586 412 1651 earundem
441 1585 592 1671 partium,
617 1595 662 1666 ut,
686 1585 713 1647 si
734 1583 881 1669 pontifex
903 1584 1066 1650 Romanus
1095 1585 1196 1651 alicui
1219 1589 1355 1654 offensus

236 1670 333 1734 fuerit
360 1691 418 1756 pro
446 1667 570 1732 delictis
596 1669 680 1748 suis,
710 1667 807 1732 ceteri
835 1689 901 1732 non
930 1668 1068 1734 debeant
1099 1671 1128 1734 ei
1156 1692 1232 1737 esse
1266 1673 1358 1738 amici

236 1753 290 1819 vel
312 1775 386 1818 eum
408 1752 556 1838 alloquin

321 1839 350 1902 7.
394 1837 480 1901 Hinc
502 1837 598 1900 ducta
619 1845 667 1901 est
689 1835 844 1920 quaestio,
870 1835 909 1899 de
936 1857 1000 1920 qua
1021 1835 1188 1923 hucusque
1211 1842 1358 1906 tractavi·

236 1944 318 2005 mus,
349 1921 469 1986 scilicet
497 1922 523 1984 si
555 1921 639 1983 iusta
664 1919 761 1983 fuerit
787 1917 867 1983 haec
895 1919 1027 1984 offensio
1054 1922 1139 1986 circa
1165 1946 1202 1988 re
1229 1947 1284 1989 em
1310 1923 1356 1989 vel

236 2007 335 2092 digna
356 2007 501 2070 Romano
530 2003 686 2089 pontifici,
712 2003 834 2067 vicario
864 2003 965 2066 saneti
987 2004 1084 2087 Petri,
1113 2006 1171 2091 qui
1199 1946 1358 2074 dicitura

235 2100 337 2177 petra,
368 2112 449 2175 quae
477 2098 525 2152 est
547 2085 704 2168 Christus,
735 2108 808 2149 cum
836 2085 870 2150 id
891 2096 999 2152 actum
1022 2089 1063 2152 sit
1084 2112 1127 2153 ex
1148 2092 1359 2177 inscriptione

237 2173 371 2260 capituli
399 2172 493 2254 iliius,
522 2181 558 2235 ut
583 2170 714 2256 plurimi
747 2170 983 2255 episcoporum,
1017 2171 1217 2257 clericorum,
1252 2197 1359 2241 mone

237 2259 370 2321 chorum
403 2267 434 2320 et
464 2254 621 2319 laicorum
654 2253 889 2337 suspenderunt
921 2277 956 2318 se
988 2276 1026 2319 ac
1057 2270 1359 2342 segregaverunta

239 2340 463 2405 communione
486 2339 584 2403 totius
604 2336 690 2401 orbis
706 2334 924 2420 ecclesiarum,
947 2349 1104 2426 quotquot
1118 2345 1358 2407 communicent

237 2425 306 2508 regi
328 2424 526 2486 Francorum
553 2429 586 2484 et
611 2421 797 2520 imperatori
818 2421 1046 2505 Romanorum,
1076 2424 1121 2489 ita
1145 2433 1182 2490 ut
1204 2438 1357 2493 exeuntes

238 2530 258 2571 a
283 2505 386 2586 nobis,
411 2527 476 2569 non
507 2526 566 2568 nos
593 2504 635 2568 ab
662 2506 751 2590 rpsis,
780 2514 953 2569 vereantur
980 2506 1074 2571 nobis
1101 2509 1218 2573 sociari
1246 2511 1298 2576 vel
1326 2513 1357 2575 in

239 2589 396 2675 colloquio
424 2587 476 2654 vel
503 2589 537 2651 in
566 2589 657 2687 pacis
689 2587 797 2652 osculo
824 2587 873 2652 vel
897 2591 931 2652 in
954 2593 1107 2656 orationis
1130 2593 1250 2658 studio
1296 2595 1356 2661 Sed

238 2695 297 2759 pro
327 2672 486 2738 eiusmodi
515 2672 643 2738 scnbit²
671 2682 913 2770 sanctusnpapa
942 2675 1119 2760 Gregorius
1145 2677 1181 2739 in
1206 2675 1292 2742 libro
1319 2677 1356 2742 de

238 2755 390 2844 pastorali
413 2778 505 2820 cura:
528 2769 592 2822 Onm
610 2778 702 2834 rector,
725 2756 884 2841 inquiens,
906 2789 933 2824 ee
959 2774 996 2824 ad
1021 2774 1181 2840 loquendam
1195 2783 1356 2842 praeparat,

237 2848 286 2898 aab
299 2854 398 2912 quanto
412 2847 530 2898 cautelae
542 2845 630 2896 studio
644 2848 776 2911 loquatur,
797 2846 924 2910 attendat,
941 2863 984 2909 ne,
1000 2847 1024 2896 ei
1034 2847 1187 2898 inordinate
1200 2851 1239 2900 ad
1253 2851 1356 2916 toquen-

237 2922 302 2971 dam
320 2918 436 2986 rapitur,
456 2917 553 2971 erroris
571 2920 679 2971 vnlnere
693 2918 857 2970 audientiam
878 2919 1115 2985 cordafern’antur,
1135 2929 1159 2971 et
1172 2923 1356 2988 confortasse

237 3000 345 3067 rapiens
364 3000 450 3053 rideri
464 3002 606 3064 deciderat,
626 3000 737 3054 unitatis
757 3017 904 3066 compagem
923 3000 1077 3066 insipienter
1090 3001 1240 3058 abscindat.
1272 2990 1356 3054 Ecce

237 3078 344 3133 autem
372 3071 472 3135 nostri
499 3071 654 3154 temporis
684 3068 861 3153 Gregorius
888 3088 984 3152 papa,
1015 3071 1069 3154 qui
1097 3077 1129 3133 et
1153 3069 1356 3156 Hildebrant,

237 3175 312 3217 oum
333 3152 505 3239 aliquando
527 3175 563 3217 os
585 3174 679 3216 suum
702 3152 837 3236 aperuit,
860 3150 1028 3216 ecelesiam
1044 3151 1154 3217 divisit
1175 3163 1208 3220 et
1229 3167 1356 3240 praeter

237 3258 275 3302 ea
304 3259 386 3323 quae
415 3237 501 3302 dicta
529 3247 605 3300 sunt
626 3255 725 3321 supra
745 3235 967 3320 propheticam
994 3234 1111 3300 ollam³
1139 3235 1180 3302 ab
1207 3239 1356 3326 aquilone

236 3323 269 3384 in
297 3330 420 3385 tantum
447 3319 603 3399 accendit,
632 3329 669 3381 ut
694 3340 753 3402 per
780 3319 838 3383 hos
862 3320 900 3383 17
923 3329 979 3384 aut
1001 3342 1038 3384 eo
1065 3318 1205 3406 amplius
1232 3334 1354 3390 annos⁴

236 3405 291 3469 ubi
315 3426 356 3467 ue
389 3405 455 3466 sint
485 3403 519 3464 in
551 3423 649 3486 regno
676 3401 813 3465 Romani
841 3404 970 3489 imperii
1001 3402 1084 3469 bella
1112 3412 1143 3469 et
1171 3405 1355 3491 seditiones,

237 3426 445 3552 ecciesiarum
474 3495 507 3550 et
536 3487 803 3550 monasteriorum
831 3487 981 3552 incendia
1005 3497 1037 3552 et
1058 3488 1305 3576 destructiones
1326 3504 1356 3559 et

236 3580 273 3634 ut
292 3573 334 3633 eit
351 3570 522 3654 episcopus
544 3567 700 3634 adversus
716 3571 913 3656 episcopum,
936 3572 1038 3636 clerus
1053 3572 1208 3637 adversus
1225 3574 1356 3660 clerum,

236 3653 376 3739 populus
398 3653 553 3716 adversus
576 3654 740 3738 populum,
762 3657 860 3718 immo
889 3654 972 3718 filius
994 3655 1147 3721 adversus
1168 3667 1298 3742 patrem
1327 3671 1357 3726 et

261 3748 330 3801 ater
344 3736 496 3801 adversus
512 3737 612 3800 filium
627 3747 659 3802 et
673 3739 771 3804 frater
785 3738 940 3803 adversus
953 3739 1094 3804 fratrem.
1123 3739 1210 3803 Hine
1226 3753 1356 3810 sanctus

237 3760 420 3906 Gyprianus
443 3822 614 3907 episcopus
637 3831 669 3886 et
683 3831 805 3907 martyr
817 3821 960 3908 loquitur
979 3823 1062 3887 inter
1075 3820 1138 3886 alia
1158 3821 1301 3909 plurima
1318 3827 1357 3892 de

238 3907 360 3969 unitate
378 3903 547 3970 ecclesiae:
566 3921 652 3983 Quom
671 3919 730 3984 sibi,
752 3907 899 3992 inquiens
909 3916 932 3988 ⁵,
951 3938 1045 3989 pacem
1066 3920 1227 3989 promittant
1255 3924 1357 3978 inimici

239 4055 267 4123 1)
287 4058 433 4111 Hinschius
452 4058 470 4111 l.
491 4076 515 4111 c.
541 4077 567 4126 p.
588 4060 633 4108 36.
721 4060 748 4123 2)
769 4061 891 4127 Gregorii
911 4078 992 4128 opera
1011 4062 1048 4125 II,
1068 4079 1095 4128 p.
1111 4063 1154 4112 1'1.
1237 4059 1269 4128 3)
1288 4063 1356 4114 Ere·

238 4131 309 4182 ohiel
330 4134 354 4194 1,
373 4133 399 4181 4.
473 4132 501 4196 4)
526 4133 606 4184 Haec
630 4133 714 4183 verba
739 4149 763 4184 a.
786 4133 864 4184 1090.
890 4139 990 4201 scripta
1013 4136 1067 4186 sint
1090 4148 1204 4186 necesse
1224 4143 1275 4200 est,
1294 4151 1355 4189 cnm

237 4203 311 4256 bella
329 4210 357 4256 et
374 4205 519 4257 seditiones
545 4222 570 4256 a.
592 4203 672 4256 1073.
697 4209 799 4256 moveri
823 4213 920 4274 coepta
944 4210 1006 4261 sint.
1081 4206 1110 4274 ὃ)
1130 4206 1291 4273 Cyprianus,
1314 4210 1357 4259 De

238 4279 341 4329 unitate
356 4277 463 4341 eccles,
482 4295 565 4346 opera
581 4278 634 4345 ΙΙΙ,
657 4281 680 4342 1,
699 4295 725 4344 p.
746 4279 808 4347 222,
830 4282 855 4332 2.
