2812 4830
201 333 238 381 22
392 329 443 380 DE
461 326 618 379 UNITATE
637 323 840 376 accursus
860 323 1135 413 CONSERVANDA.
1230 367 1233 372 .

291 498 338 560 11.
381 496 488 580 Atque
510 495 624 558 iterum
647 493 733 557 idem
754 492 958 556 Innocentius
983 513 1083 578 papa:
1113 489 1177 557 stoa
1203 517 1278 561 certo
1302 480 1331 561 u

205 597 359 660 euerrptum,
378 580 424 643 alt
435 592 455 661 ¹,
477 592 623 645 sollicitudo
648 600 672 643 et
695 589 802 642 tristitia
812 592 944 656 fratrum,
971 605 1146 655 quamsaepe
1161 591 1330 654 pertulimus

205 671 363 734 imperatore
372 673 520 734 praesente,
534 684 592 716 cum
600 682 652 730 pro
661 682 730 731 paee
743 663 910 716 ecclesiarum
923 679 1001 728 saepe
1012 679 1177 730 rogaremus,
1190 665 1330 729 cupientes

206 759 248 794 eos
260 739 290 791 ia
302 747 395 793 uestra
407 741 522 806 recipere
534 738 644 806 uiscera,
665 739 711 804 qui
722 738 916 803 requisiverunt
929 735 1076 800 sanitatem,
1093 752 1127 787 uo
1143 735 1196 786 diu
1208 738 1329 789 membro

207 824 240 875 ab
259 824 359 875 unitate
378 823 494 889 eorpords
513 822 672 872 haberentur
691 822 788 873 alicua.
820 803 885 884 Qui
898 806 1005 885 etiam,
1028 813 1064 867 ut
1085 802 1328 888 supradictum

158 903 160 906 '
206 900 263 972 est,
277 889 411 976 loquens
427 891 467 956 de
478 889 662 953 ministeriis
676 897 884 974 potestatum:
905 903 1039 965 Quomodo
1051 900 1173 965 maiores,
1188 888 1327 973 inquit²,

205 979 290 1032 nostri
302 981 521 1046 reprehenderent
529 978 644 1046 foetum,
661 979 733 1045 quod
746 986 853 1029 auctore
865 977 922 1028 Deo
936 975 1070 1027 rideretur
1085 991 1139 1026 esse
1153 979 1329 1030 concessum?

206 1052 247 1105 De
267 1051 308 1104 bis
327 1070 387 1123 erpo
403 1053 585 1120 potestatibus,
604 1059 634 1105 ut
653 1052 779 1103 hacteuus
798 1056 932 1103 cavatum
951 1055 995 1113 est,
1014 1049 1206 1115 nichodemus,
1226 1069 1263 1103 ue
1283 1061 1327 1103 aut

206 1125 373 1192 disciplinam
399 1135 511 1180 euertere
536 1134 582 1176 aut
608 1133 699 1176 eontra
725 1125 907 1176 auctoritatem
925 1120 1035 1173 Domini
1060 1121 1149 1173 uenire
1174 1125 1326 1190 videamur,

207 1199 300 1265 qulbus
320 1209 386 1252 certe
404 1199 434 1251 iu
446 1201 574 1251 reticuere
586 1198 751 1249 reddendam
760 1207 835 1264 perta
847 1213 898 1247 sua
913 1196 1002 1246 amuda
1015 1195 1202 1248 servahuntur.
1229 1198 1327 1249 Nulla-

207 1289 282 1332 tenus
302 1280 380 1346 enim,
399 1268 513 1353 inquit,
534 1281 705 1332 condemnari
725 1288 810 1345 potest
838 1280 953 1330 humano
983 1278 1115 1340 eramiae,
1144 1295 1224 1342 quem
1252 1280 1327 1333 Deus

207 1379 254 1412 suo
273 1361 371 1414 iudicio
389 1365 543 1416 reservarit.
572 1347 668 1428 Ecce,
692 1347 851 1433 quomodo
875 1344 947 1409 talis
966 1343 1018 1409 ille
1034 1345 1231 1429 apostolicus
1251 1347 1326 1412 alio·

207 1450 342 1513 rumque
378 1431 473 1495 simul
508 1429 754 1516 apostolicorum
789 1430 930 1495 virorum
969 1450 1146 1492 consensus
1183 1451 1326 1496 errorem

208 1533 328 1595 eorum,
356 1524 513 1601 quotquot
540 1513 776 1599 reprehendunt
803 1522 978 1600 potestates
1007 1513 1121 1577 aDeo
1151 1514 1325 1597 ordinatas,

208 1595 378 1661 destruxit:
400 1614 436 1664 Et
461 1613 485 1662 si
508 1613 601 1665 iterum
625 1629 692 1678 qrtae
711 1612 838 1674 destruxi,
857 1598 991 1682 inqulh³‚
1013 1611 1162 1678 reaedifico,
1177 1615 1325 1678 praevari-

208 1703 320 1746 ootorao
338 1713 379 1748 mo
397 1694 530 1747 oooorboo.
562 1679 701 1744 Proinde
719 1679 846 1744 lectoris
868 1680 1038 1766 prudentia
1059 1681 1180 1778 pariter
1203 1691 1237 1745 et
1258 1681 1325 1746 dili·

207 1764 316 1848 gentia
347 1763 499 1844 attendat,
535 1764 563 1826 si
596 1786 669 1828 cum
696 1764 855 1848 scriptura
885 1767 986 1830 sancti
1020 1764 1112 1828 huius
1141 1765 1325 1830 Innocentii

208 1869 312 1911 sermo
327 1846 541 1912 Hildebrandi
555 1871 598 1947 pa
623 1870 660 1911 ae
676 1849 855 1929 conveniat,
878 1849 932 1935 qui
955 1871 1028 1913 eum
1051 1847 1129 1912 dicit
1143 1848 1324 1914 Arcadium

206 1932 430 2030 imperatorem
453 1932 545 2018 quasi
558 1871 733 1996 iudicatum
750 1933 1046 1996 excommunicasse
1068 1931 1122 1995 vel
1143 1933 1323 2017 damnasse,

209 2038 264 2114 qur
287 2018 382 2080 etiam
402 2016 463 2078 hoc
478 2015 611 2098 addidit,
633 2016 800 2080 scribens4
820 2039 879 2102 pro
901 2019 986 2102 regis
1000 2017 1199 2080 Francorum
1224 2018 1324 2084 deiec-

207 2110 302 2182 tione,
324 2101 411 2187 quod
432 2098 547 2164 beatus
569 2100 743 2185 Gregorius
766 2100 810 2165 ita
831 2123 891 2186 per
912 2103 1087 2186 scripturae
1116 2121 1194 2165 suae
1218 2102 1325 2168 decre·

207 2193 275 2248 tum
306 2185 536 2265 constituerit⁵,
562 2193 607 2266 ut,
634 2187 661 2247 si
690 2185 761 2269 quis
790 2207 912 2268 regum,
939 2184 1150 2266 sacerdotum,
1179 2185 1323 2252 iudicum

207 2278 303 2353 atque
332 2266 542 2332 saecularium
569 2288 777 2353 personarum
807 2270 1038 2333 constitutionis
1068 2289 1144 2333 suae
1170 2271 1324 2355 paginam

208 2372 385 2435 agnoscens
406 2360 517 2415 contra
538 2373 609 2415 eam
631 2352 738 2416 venire
761 2355 971 2437 temptaverit,
993 2352 1161 2437 potestatis
1183 2353 1324 2420 honoris-

209 2455 271 2519 que
301 2436 350 2498 sui
378 2433 410 2498 di
457 2435 534 2500 itate
560 2444 675 2500 careat.
721 2436 772 2499 De
800 2435 917 2523 quibus
947 2437 1075 2501 tandem
1103 2438 1236 2521 regibus
1259 2438 1326 2504 vult

207 2527 243 2582 ut
264 2516 326 2582 hoc
348 2457 586 2602 intelllgamus?
617 2541 690 2582 cum
711 2518 790 2582 nihil
811 2520 873 2585 tale
895 2523 928 2584 in
951 2522 1077 2606 scriptis
1101 2519 1189 2586 illius
1212 2525 1323 2588 eximii

209 2600 348 2666 doctoris
375 2600 525 2686 Gregorii
554 2603 659 2667 adhuc
686 2602 868 2688 legerimus,
898 2607 953 2691 qui
979 2605 1143 2671 deferebat
1170 2606 1324 2672 honorem

209 2687 261 2749 cui
284 2685 421 2751 debebat
442 2687 605 2769 honorem,
628 2688 710 2751 sicut
724 2689 819 2753 docet
840 2687 1012 2775 apostolus,
1036 2691 1089 2775 qui
1112 2711 1176 2753 non
1199 2693 1325 2756 resiste-

208 2771 263 2835 bat
285 2792 345 2834 nec
366 2770 575 2835 resistendum
599 2771 735 2836 docebat
755 2773 978 2858 potestatibus,
1002 2795 1075 2837 cum
1096 2775 1249 2839 resistens
1272 2774 1326 2838 ali-

209 2854 279 2940 quis
301 2855 427 2918 resistat
441 2855 505 2919 Dei
527 2855 728 2939 ordinationi,
750 2857 806 2942 qui
827 2859 984 2943 praecipit
1005 2856 1138 2921 reddere
1154 2879 1237 2944 quae
1253 2871 1326 2925 sunt

209 2939 346 3002 caesaris
368 2941 499 3004 caesari.
542 2940 593 3005 De
615 2939 742 3026 quibus,
768 2944 910 3027 inquam,
939 2942 1068 3025 regibus
1090 2939 1167 3023 vult,
1197 2954 1234 3007 ut
1255 2967 1325 3042 pro-

233 3023 349 3087 ositum
379 3021 458 3087 illud
488 3024 663 3111 capitulum
690 3024 926 3109 intelligamus?
954 3025 1100 3110 nunquid
1127 3024 1167 3089 de
1195 3029 1325 3112 regibus

208 3045 415 3190 Francorum,
430 3110 496 3173 sive
512 3111 552 3173 de
566 3109 812 3194 imperatoribus
823 3109 1063 3174 Romanorum?
1085 3109 1179 3174 Gerte
1192 3116 1325 3176 sanctis·

209 3192 307 3256 simus
337 3191 390 3256 ille
422 3214 508 3277 papa
539 3191 715 3276 Gregorius
746 3190 889 3277 appellat
919 3193 1081 3258 Romanos
1114 3193 1325 3278 imperatores

209 3275 354 3340 dominos
377 3297 452 3339 suos
474 3286 561 3340 etse
583 3296 712 3339 servum
734 3297 854 3359 eorum,
880 3299 973 3362 reges
995 3287 1102 3342 autern
1124 3279 1326 3344 Francorum

209 3359 290 3424 filios
324 3381 398 3423 suos
431 3380 469 3422 ac
501 3381 536 3424 se
566 3369 692 3444 patrem
719 3381 838 3427 eorum.
880 3361 964 3424 Nam
997 3384 1071 3425 cum
1105 3365 1325 3448 comperisset,

209 3443 417 3507 simoniacam
444 3452 476 3506 et
502 3443 736 3528 neophytorum
762 3442 890 3509 hereses
917 3443 1012 3531 longe
1039 3445 1166 3531 lateque
1191 3470 1325 3532 prorsus

209 3527 399 3607 excrevisse,
432 3527 560 3612 scripsit
591 3528 673 3591 inter
703 3537 809 3593 cetera
840 3530 971 3614 regibus
1003 3530 1208 3613 Francorum,
1243 3534 1326 3599 sicut

208 3609 345 3695 legitur⁶
367 3610 401 3672 in
416 3612 507 3675 tertio
522 3610 604 3676 libro
626 3610 665 3676 de
687 3613 753 3677 vita
774 3613 874 3698 ipsius
896 3612 1046 3698 Gregorii
1067 3634 1185 3727 papae:
1208 3631 1325 3685 Poroooo

210 3818 233 3870 a)
249 3819 281 3858 tta
299 3819 384 3868 Iauoe.,·
400 3817 438 3859 Sic
456 3822 476 3859 1.

212 3988 238 4048 1)
264 3985 421 4038 Pontificum
440 3988 617 4039 Romanorum
643 3988 773 4055 epistulae
793 3990 925 4053 genuinae
946 4005 1000 4043 cur.
1021 3990 1235 4052 Schoenemann,
1259 3993 1324 4045 Got-

210 4062 301 4126 tingae
320 4061 397 4124 1796,
417 4062 439 4125 Ι,
458 4079 484 4128 p.
503 4060 565 4112 509.
640 4062 666 4125 2)
687 4062 831 4113 Hinschius
850 4080 876 4128 p.
895 4062 956 4112 532.
1032 4065 1059 4127 3)
1080 4065 1198 4114 Decreta
1221 4067 1323 4118 Leonis

210 4149 306 4199 papae,
326 4134 471 4186 Hinschius
494 4151 521 4200 p.
539 4135 600 4186 578.
681 4134 710 4198 4)
736 4133 806 4185 Jafft
832 4135 849 4185 l.
871 4151 894 4186 c.
919 4154 945 4202 p.
965 4135 1028 4186 458.
1103 4138 1130 4200 5)
1158 4138 1238 4203 Greg.
1262 4156 1323 4206 epp.

210 4208 406 4269 XI11,11.12.
481 4207 511 4275 6)
532 4210 622 4275 Opera
642 4207 683 4258 ed.
704 4208 805 4259 Bened.
826 4210 872 4272 IV,
893 4226 920 4275 p.
934 4209 968 4257 82
989 4208 1081 4274 (Greg.
1101 4226 1162 4276 epp.
1182 4212 1230 4260 IX.
1246 4211 1324 4277 214).
