2812 4830
231 340 282 388 122
411 338 461 390 DE
481 338 640 390 UNITATE
659 337 864 391 ECCLESIAE
885 335 1162 392 consumunt.

228 514 355 570 noctem
383 527 443 592 pro
471 507 533 587 dia,
562 506 725 572 interitum
754 529 813 592 pro
848 506 961 590 salute,
994 507 1249 608 desperationem
1281 509 1330 575 suh

229 590 362 655 obtentu
389 612 403 654 s
430 592 468 671 ci,
496 590 665 676 perfidiam
695 591 755 655 sub
788 601 960 678 praetextu
992 592 1077 675 fider,
1110 594 1332 658 Antichristum

229 675 289 740 sub
319 613 477 739 vocaiulo
500 674 630 758 Christi,
657 684 701 757 ut,
731 675 809 739 dum
830 676 1016 741 verisimilia
1037 678 1246 762 mentiuntur,
1264 680 1333 744 veri·

229 768 328 823 tatem
349 758 524 825 subtilitate
546 762 745 825 frustrentur.

84 849 220 903 (xnvru)
314 845 365 909 39.
409 843 518 924 Sicut,
545 844 707 930 inquiunt,
738 845 823 908 enim
856 855 990 908 sunaus
1017 855 1115 930 pater
1147 848 1335 912 Benedictus

231 928 361 992 audivit
376 951 397 991 u
409 929 538 992 diaholo
554 929 752 1010 maledicte,
767 938 796 991 et
809 951 877 993 non
893 930 1073 994 ‘benedicte'
1089 954 1146 996 nec
1161 930 1214 996 illi
1225 934 1335 1012 nocuit,

228 1015 277 1077 ita
299 1022 328 1076 et
349 1014 400 1076 his
418 1013 572 1099 Wipbecti
590 1011 774 1077 maledictio
796 1037 861 1078 non
885 1014 1017 1079 nocebit.
1051 1014 1139 1096 Quid
1162 1015 1262 1102 ergo?
1282 1037 1336 1080 non

228 1096 358 1160 nocebit
372 1097 529 1160 eiusmodi
544 1095 719 1177 monachis,
743 1096 830 1183 quod
845 1099 1034 1184 transgressi
1049 1109 1125 1164 sunt
1145 1121 1205 1186 per
1220 1121 1336 1165 omnem

228 1179 359 1245 modum
372 1181 614 1247 constitutiones
625 1181 807 1267 praedictae
818 1181 935 1268 synodi
947 1180 1244 1248 Chalcedonensis?
1265 1183 1336 1250 Con-

227 1267 372 1330 stitutum
401 1275 468 1331 est¹
498 1265 657 1351 siquidem
684 1266 767 1330 inter
789 1275 905 1348 cetera,
927 1268 1101 1332 monachos
1123 1267 1336 1354 persingulas

227 1350 375 1415 civitates
404 1361 435 1416 et
463 1350 646 1435 provincias
680 1351 842 1436 episcopis
871 1350 1018 1414 subditos
1046 1374 1116 1418 esse
1146 1361 1179 1417 et
1230 1355 1336 1419 uietem

227 1432 370 1519 diligere,
402 1455 608 1520 nequaquam
639 1445 747 1499 autem
784 1433 1007 1500 ecclesiasticis
1042 1435 1095 1500 vel
1126 1375 1337 1502 saeciilaribus

226 1516 324 1582 rebus
357 1519 603 1599 communicare,
635 1517 757 1605 alioqui
792 1517 914 1583 alienos
950 1541 1019 1584 esse
1054 1520 1096 1586 ab
1130 1521 1336 1587 ecclesiastica

66 1603 461 1666 aurasiacommunione.
506 1600 600 1666 Certe
622 1601 858 1667 firmamentum
879 1603 944 1668 Dei
966 1614 1037 1685 stat,
1066 1614 1098 1669 et
1124 1605 1213 1691 quod
1239 1615 1336 1671 aucto·

225 1688 319 1751 ritate
335 1687 570 1752 constitutionis
586 1684 821 1752 ecclesiastieae
843 1688 1024 1773 praefixum
1040 1700 1098 1772 est,
1120 1688 1210 1753 nulla
1224 1692 1337 1757 ratione

227 1769 362 1835 convelli
389 1781 503 1858 potest,
532 1772 623 1835 iuxta
647 1771 739 1917 lquod
766 1781 797 1837 et
822 1782 952 1835 sanctus
980 1793 1069 1858 papa
1098 1772 1278 1859 Gregorius
1304 1774 1337 1838 de

227 1855 386 1920 eiusmodi
413 1857 555 1922 scribens
584 1856 626 1920 ad
665 1857 823 1920 ohannem
848 1855 1053 1922 Larissaeum
1081 1859 1273 1944 episcopum
1298 1859 1337 1922 in-

227 1941 348 2005 dicat²:
371 1954 499 2021 Consano,
518 1940 679 2025 inquiens,
693 1953 792 2007 sanctis
803 1954 929 2021 patribus
944 1955 1105 2022 diffinitione
1124 1958 1268 2021 sancimus,
1287 1961 1336 2020 πμ,

227 2029 273 2097 qui
298 2030 382 2081 saeris
407 2031 488 2082 nescit
513 2029 618 2082 obedire
642 2027 795 2091 canonibus,
820 2045 867 2080 nec
892 2029 976 2080 sacris
1001 2028 1192 2082 administrare
1217 2029 1336 2083 allec-ilas

227 2117 268 2166 vel
296 2113 501 2165 communionem
529 2129 624 2178 capere
655 2113 690 2163 sit
718 2111 826 2178 dignus.
876 2097 919 2160 El
946 2097 1054 2161 Videte
1081 2095 1222 2182 amplius
1251 2108 1337 2184 alque

227 2180 395 2266 intelligite
429 2180 595 2245 attentius!
640 2179 690 2243 Illi
723 2179 809 2243 enim
842 2180 1000 2262 monachi,
1034 2180 1075 2245 de
1108 2203 1248 2268 quorum
1280 2182 1336 2268 epi·

227 2266 309 2331 stola
340 2275 530 2347 tractamus,
569 2286 634 2328 non
674 2261 775 2327 solum
813 2284 872 2410 per
911 2265 1102 2350 scripturam
1142 2288 1253 2350 suam,
1289 2264 1337 2330 sed

251 2373 285 2415 er
321 2371 448 2414 omnem
485 2370 616 2434 operam
651 2370 742 2411 suam
774 2346 814 2411 de
829 2348 949 2413 endunt
980 2371 1018 2414 ea
1048 2348 1247 2435 flagitiorum
1280 2372 1337 2414 sce·

227 2373 307 2515 lbra,
344 2456 426 2519 quae
458 2455 516 2518 per
553 2433 753 2496 occasionem
785 2432 860 2497 belli
889 2432 991 2497 solent
1016 2434 1104 2514 fieri,
1135 2436 1230 2500 iuxta
1262 2432 1338 2522 quod

229 2519 350 2582 dictum
374 2526 422 2581 est
444 2536 549 2601 supra.
582 2516 625 2579 Et
647 2518 730 2580 sicut
750 2516 814 2601 ipsi
835 2516 981 2581 furantur
1003 2517 1043 2582 de
1065 2519 1164 2582 sacris
1180 2519 1338 2605 scripturis

228 2602 421 2681 testimonia,
443 2601 593 2685 quatinus
615 2600 754 2664 condant
776 2610 809 2665 et
830 2611 969 2666 statuant
989 2601 1119 2667 hereses
1142 2611 1175 2666 et
1197 2606 1339 2667 scismata

229 2708 298 2766 sua,
327 2685 374 2747 sic
401 2684 496 2748 etiam
526 2682 700 2748 defendunt
730 2683 827 2766 fures,
858 2685 1035 2750 homicidas
1064 2696 1162 2772 atque
1191 2689 1338 2773 periuros,

230 2771 312 2833 siout
333 2789 430 2854 supra
451 2769 613 2833 invenitur
640 2770 673 2831 in
693 2770 837 2854 ipsorum
859 2771 1029 2856 scriptura.
1073 2769 1139 2834 Sed
1168 2771 1339 2838 ostenditur

229 2852 405 2917 Zachariae
425 2851 602 2940 prophetae
622 2852 773 2919 volumen
794 2852 916 2937 volans,
942 2852 1003 2918 hoc
1032 2863 1081 2919 est
1101 2855 1263 2920 iudicium
1283 2853 1340 2921 Dei

230 2939 271 3003 ab
301 2939 424 3002 occulto
453 2937 614 3023 prodiens,
643 2939 695 3002 cui
720 2948 752 3003 et
781 2938 914 3002 dicitur:
948 2939 1040 3004 Haec
1072 2949 1118 3003 est
1149 2942 1339 3021 maledictio,

251 3045 314 3087 uae
347 3025 530 3110 egredietur
561 3046 661 3109 super
682 3023 810 3108 faciem
841 3025 945 3088 omnis
978 3035 1102 3103 terrae,
1131 3027 1213 3109 quia
1243 3026 1340 3091 omnis

67 3047 298 3194 mesnilian,
320 3110 403 3172 sicut
423 3109 472 3173 ibi
492 3109 559 3171 scri
582 3117 650 3172 tum
671 3117 726 3188 est,
748 3108 963 3188 iudicabitur,
985 3117 1013 3171 et
1035 3109 1141 3172 omnis
1162 3111 1286 3174 iurans
1307 3129 1340 3174 en

230 3194 288 3256 hoc
319 3192 470 3257 similiter
501 3131 715 3257 tunicatum.
758 3193 909 3256 Eduenm
942 3191 1038 3271 illud,
1070 3192 1152 3256 dicit
1181 3194 1340 3258 Dominus

230 3279 438 3358 caeercituum,
460 3287 488 3340 et
502 3277 607 3353 ueniet
628 3277 673 3339 ad
689 3276 817 3340 domum
829 3275 928 3360 furis
950 3286 978 3340 et
993 3278 1038 3340 ad
1053 3278 1184 3341 domum
1199 3279 1341 3342 iurantis

228 3362 266 3424 in
282 3362 412 3425 nomine
425 3383 493 3424 meo
508 3360 716 3439 mendaciter,
740 3368 768 3422 et
783 3362 1031 3424 commorabitur
1051 3363 1089 3425 in
1109 3362 1217 3427 medio
1233 3363 1341 3427 domus

108 3456 219 3512 (uxrx)
230 3447 301 3509 eius
322 3455 351 3509 et
365 3453 528 3509 consumet
542 3465 624 3522 eum,
647 3445 792 3507 animam
814 3444 934 3508 scilicet
955 3468 1026 3509 cum
1042 3467 1187 3545 corpore.
1202 3483 1239 3494 -
1254 3446 1342 3512 Sicut

230 3531 325 3609 enim,
347 3529 505 3613 inquiunt,
528 3536 662 3590 sanctus
682 3536 777 3611 pater
798 3528 996 3592 Benedictus
1017 3528 1148 3593 audivit
1173 3553 1195 3592 u
1217 3529 1342 3596 diabolo

232 3613 419 3676 ‘maledicte'
441 3621 470 3673 et
490 3633 557 3674 non
573 3609 752 3675 ‘benedicte’
774 3635 831 3676 nec
853 3613 906 3676 illi
926 3614 1047 3694 nocuit,
1069 3615 1119 3676 ita
1140 3623 1169 3677 et
1190 3615 1243 3677 his
1262 3614 1341 3699 Wiq-

231 3695 313 3760 herti
332 3695 516 3759 maledictio
537 3717 604 3759 non
620 3695 751 3776 nocebit,
770 3699 866 3760 immo
883 3698 991 3782 maqis
1005 3695 1158 3842 proderit
1173 3699 1220 3760 ad
1234 3698 1342 3763 Domi-

80 3792 308 3843 1’0·1⁰⁸‚28·num
336 3779 517 3843 dicentibus
545 3801 616 3843 cum
644 3789 754 3844 sancto
778 3780 909 3844 Dauid:
941 3780 1010 3842 ‘Ma
1025 3781 1150 3845 edicant
1178 3780 1233 3846 illi
1261 3791 1291 3846 et
1309 3790 1341 3844 tu

231 3862 415 3925 benedices'.
457 3861 559 3925 Ecce!
588 3863 643 3949 qui
672 3862 850 3928 docuerunt
875 3863 1018 3948 linguam
1045 3884 1135 3927 suam
1163 3867 1294 3930 mentiri
1314 3871 1342 3929 et

230 3943 432 4027 maledicere,
447 3945 558 4010 dicunt
572 3968 606 4010 se
620 3944 884 4011 maledicentibus
898 3947 1098 4030 benedicere,
1114 3949 1170 4033 qui
1182 3948 1342 4014 Christum

232 4038 265 4093 et
286 4025 453 4092 ecclesiam
481 4052 545 4094 non
573 4029 699 4095 cessant
727 4029 796 4096 blas
820 4030 957 4112 hemare,
985 4031 1095 4116 quales
1116 4032 1252 4098 tradidit
1272 4053 1342 4119 apo·

74 4123 180 4176 1·⁰0r·⁶‚
188 4125 222 4165 10·
233 4110 331 4177 stolus
348 4112 495 4196 Satanae,
518 4123 553 4178 ut
568 4114 694 4179 discant
710 4136 776 4179 non
792 4053 1025 4201 hlasphemare.
1057 4115 1143 4180 Ecce
1159 4119 1258 4200 enim,
1273 4137 1342 4182 cum

233 4236 256 4289 a)
271 4239 303 4278 ita
319 4237 396 4287 Crem
411 4242 434 4279 at
451 4244 471 4282 1.

236 4333 263 4400 1)
281 4332 428 4386 Hinschius
446 4336 465 4387 l.
485 4352 510 4386 c.
529 4353 556 4403 p.
577 4334 640 4388 285.
714 4334 743 4404 2)
763 4337 887 4405 Gregorii
905 4338 1044 4405 Epistulae
1062 4339 1117 4404 III,
1137 4338 1163 4392 ⁷.
