2812 4830
218 322 254 371 20
407 319 458 367 DE
477 316 634 367 UNITATE
654 314 858 366 EOCLESIAE
879 311 1154 366 CONSERVANDA.

219 489 261 551 ab
284 495 415 570 aspectu
437 485 608 549 Romanae
629 483 731 562 urbis,
755 479 873 544 deinde
896 482 936 544 ab
960 484 1107 546 omnibus
1129 483 1290 567 ecclesiis,
1313 497 1347 551 nt

219 573 264 635 iis
294 569 380 634 nibil
412 591 452 632 eu
483 568 637 648 moribus,
664 565 750 630 nibil
779 586 818 628 eoo
847 563 972 650 lapibus
1002 568 1044 630 sit
1070 589 1242 633 commune
1274 594 1345 635 enm

221 652 401 731 catholicis,
425 654 580 736 quoniam
603 650 687 734 qnod
708 651 744 712 in
766 648 924 733 relipione
946 650 1063 713 diuina
1075 673 1184 736 prave
1200 658 1346 719 commit-

220 740 301 803 titur
323 737 368 800 ad
388 738 550 801 iniuriam
576 731 896 817 omn<ibnsre1sertnr.
940 734 1052 818 Neque
1078 757 1153 800 uero
1185 738 1343 804 beretico-

222 845 304 902 rum,
320 820 457 906 inquio,
479 820 649 899 dementia,
673 819 740 882 siue
763 819 1019 881 scismaticorum
1038 820 1237 901 pertinacia
1253 847 1345 889 cone·

221 914 298 970 tura
324 904 459 969 ulterius
492 912 687 989 perpetrare
723 923 805 985 quae
830 903 986 986 repperit,
1016 924 1118 986 neque
1148 905 1193 967 iis
1221 906 1344 972 illicita

221 989 336 1054 babere
365 987 507 1053 concilia
534 990 600 1052 siue
625 985 775 1071 profana
807 1007 945 1084 usquam
978 985 1091 1051 dooere
1124 998 1183 1050 aut
1217 990 1344 1056 discere

215 1083 398 1158 praecepta
427 1071 552 1135 licitum
579 1072 630 1151 sit,
660 1091 761 1153 neque
791 1071 951 1133 antistites
983 1070 1158 1136 eorundem
1193 1076 1344 1139 audeant

212 1158 325 1241 fidem,
359 1180 454 1242 quam
487 1178 553 1219 non
588 1155 714 1233 babent,
747 1153 941 1216 insinuaret
975 1177 1032 1219 nec
1061 1157 1242 1237 ministrae,
1273 1183 1342 1224 eum

220 1245 234 1306 i
259 1244 289 1307 si
310 1264 377 1306 non
393 1243 458 1304 sint
472 1240 618 1304 ministri
632 1238 706 1317 Dei,
728 1258 848 1300 creare.
884 1235 1041 1311 Quotiens
1064 1248 1180 1320 autem,
1203 1242 1314 1328 inquit
1323 1255 1343 1322 ²,

221 1265 440 1412 dbrelipione
463 1325 586 1407 apitur,
609 1323 776 1406 episcopos
797 1322 945 1385 convenit
970 1323 1132 1403 indicare,
1159 1325 1198 1388 in
1229 1332 1342 1392 ceteris

220 1432 295 1474 uero
318 1409 439 1488 anneis,
469 1429 553 1492 quae
583 1407 628 1469 ad
649 1427 745 1468 usum
762 1405 889 1488 publici
910 1406 997 1470 iuris
1017 1408 1191 1490 pertinent,
1215 1409 1343 1508 lapibus

223 1501 347 1577 oportet
362 1500 592 1575 optemperare.
624 1487 816 1554 Constituit⁸
838 1489 934 1553 etiam
956 1489 1041 1554 idem
1057 1491 1218 1557 Arcadius
1241 1517 1341 1581 1mpe·

221 1585 309 1640 rator
337 1597 411 1639 oum
439 1574 535 1638 fratre
564 1595 621 1638 suo
644 1572 798 1653 Honorio,
827 1594 928 1660 aeque
952 1573 1108 1639 catholico
1135 1577 1179 1638 im
1206 1588 1342 1661 erutore,

221 1658 358 1726 ecclesia
384 1659 594 1746 supplicante,
623 1667 667 1741 ut,
696 1657 853 1741 quicquid
881 1681 902 1721 a
923 1659 1011 1724 diois
1029 1598 1245 1745 principibus
1267 1687 1343 1729 con-

222 1747 365 1810 stitutum
387 1753 442 1826 est,
466 1744 512 1809 uel
534 1745 563 1807 si
585 1766 668 1828 qnae
682 1741 809 1827 sinpuli
831 1744 949 1827 quique
965 1746 1127 1808 antistites
1144 1766 1212 1828 pro
1229 1751 1341 1813 causis

221 1830 445 1895 ecclesiasticis
467 1832 694 1912 impetrarant,
717 1826 775 1891 sub
792 1849 904 1912 poena
927 1827 1097 1913 sacrilepii
1127 1830 1342 1896 aeternaliter

221 1923 458 1980 conserventur.
492 1913 637 1994 Quorum
658 1932 741 1974 unus
763 1912 895 1974 antistes
909 1911 1082 1993 Romanus,
1106 1911 1230 1978 scilicet
1245 1917 1340 1979 Boni-

220 1997 330 2078 faoius,
363 1997 512 2082 scripsit4
539 1996 622 2060 inter
650 2003 757 2059 cetera
784 1994 826 2059 ed
855 1994 993 2060 eundem
1021 1996 1202 2060 Honorium
1232 2001 1340 2065 verbis

221 2080 436 2167 supplicibus:
457 2096 533 2162 Ipsa,
551 2079 710 2164 inquiens,
728 2093 836 2144 ecclesia
848 2093 1010 2147 devotionem
1022 2103 1104 2159 mam‚
1122 2096 1341 2151 christianissime

221 2170 372 2238 imperator,
391 2189 446 2222 meo
475 2169 580 2234 quidem
605 2185 731 2231 sermone,
760 2167 807 2218 sed
834 2183 881 2218 suo
913 2168 1058 2220 venerabili
1085 2171 1204 2235 appellat
1233 2174 1340 2237 affectu,

222 2262 301 2310 quam
314 2243 431 2295 Obristus
444 2242 518 2292 Deus
534 2249 629 2302 noster,
649 2239 729 2291 uestri
740 2241 816 2306 fidus
829 2249 913 2292 rector
932 2250 956 2293 et
973 2242 1134 2309 pubernator
1152 2243 1267 2309 imperii,
1288 2247 1336 2296 uni

222 2317 406 2383 desponsatam
425 2315 476 2365 sibi
494 2320 517 2365 et
535 2315 663 2364 intactam
682 2312 808 2380 cirpinem
828 2322 924 2378 seruat,
947 2331 980 2366 ne
998 2315 1027 2365 in
1046 2331 1102 2366 earn
1125 2315 1228 2382 aliquos
1243 2320 1337 2383 patia-

221 2389 288 2440 mini
304 2387 488 2440 insidiantium
503 2387 682 2452 procellarum
693 2388 793 2454 fluctus
806 2386 883 2450 illidi,
903 2394 927 2438 et
938 2389 1053 2452 quietam
1061 2389 1163 2454 faciem
1175 2393 1337 2456 tempestatis

223 2463 343 2514 insolitae
357 2470 454 2512 tumore
468 2460 580 2523 turbari,
593 2458 777 2527 gloriosissime
791 2465 814 2510 et
827 2460 1041 2526 tranquillissime
1053 2462 1197 2527 imperator
1215 2474 1338 2533 aupuste,

222 2539 253 2594 et
284 2539 399 2608 cetera,
433 2526 548 2614 quibus
577 2527 663 2591 idem
692 2547 777 2612 pepe
801 2538 960 2610 precatur,
989 2538 1026 2592 ut
1052 2549 1071 2591 a
1097 2531 1244 2616 principe
1274 2531 1335 2597 hoo

222 2634 350 2711 quoque
379 2611 773 2711 constituatur,·quatinus
801 2611 939 2710 illm
960 2611 1063 2710 Rome.
1089 2635 1255 2712 nunquam
1278 2639 1338 2702 per

221 2695 377 2761 amb1tum
398 2703 529 2759 entrstes
546 2696 745 2774 ordmetur03
768 2716 822 2757 cur
842 2705 925 2759 mter
946 2695 1009 2760 ahs
1030 2708 1211 2783 rescnps1t⁵
1236 2701 1336 2786 impe-

222 2791 307 2845 rator
335 2780 510 2843 Honorius:
544 2795 627 2859 luna,
656 2778 813 2866 inquiens,
845 2794 942 2860 pieton·
973 2804 1078 2847 nostrae
1109 2797 1174 2846 sctis
1200 2799 1338 2864 placuisse

222 2886 352 2936 capnosce,
372 2870 442 2935 qnod
460 2870 634 2921 sanctimonia
652 2879 741 2922 aesna
759 2868 871 2921 sollicita
890 2877 927 2920 est
944 2868 977 2919 cle
990 2868 1157 2920 ecclesiarum
1177 2881 1225 2922 aut
1238 2873 1340 2940 popul'

218 2943 426 3010 perturbatione.
464 2943 581 2994 Proinde
609 2946 729 2997 uolumus
754 2943 784 2993 id
808 2942 844 2992 ad
867 2949 1018 2993 cunctorum
1037 2943 1189 2994 clericorum
1214 2945 1337 2998 notitiam

219 3016 366 3083 peruenire,
391 3022 420 3068 ut
439 3016 524 3068 sciant
544 3034 639 3082 omnes,
666 3018 699 3069 ab
719 3014 904 3068 ambitionibus
924 3032 979 3067 esse
997 3016 1168 3079 cessandum·
1188 3035 1219 3069 ac
1238 3020 1263 3070 si
1282 3021 1336 3071 duo

222 3099 312 3142 contra
317 3093 368 3158 fas
381 3091 522 3142 temeritate
536 3099 711 3143 concertantes
719 3085 733 3126 (ἲ
739 3090 845 3154 fuerint
858 3089 985 3152 ordinati,
997 3090 1099 3140 nullum
1116 3107 1148 3141 en
1160 3091 1339 3157 bisfuturum

217 3165 325 3230 penitus
349 3164 518 3226 sacerdotem,
543 3164 590 3215 sed
613 3165 688 3214 illum
713 3163 797 3212 solum
819 3161 848 3210 in
874 3162 934 3212 sede
959 3161 1104 3228 apostolica
1117 3181 1338 3230 permansurum,

222 3255 296 3304 qnam
317 3255 348 3290 eoo
366 3255 475 3289 numero
494 3236 647 3288 clericorum
664 3251 735 3286 noua
754 3232 921 3285 ordinatione
940 3234 1060 3286 diuinum
1079 3236 1207 3288 indicium
1232 3247 1256 3289 et
1275 3241 1336 3291 uni·

222 3310 352 3363 uersitatis
371 3327 512 3362 consensus
532 3308 643 3375 elegerit.
682 3306 755 3358 Unde
774 3306 803 3357 id
821 3306 1014 3359 obseruandum
1033 3317 1077 3372 est,
1104 3318 1133 3359 nt
1152 3327 1240 3362 omnes
1262 3320 1337 3363 tran·

223 3383 333 3450 quillam
356 3392 465 3436 mentem
491 3390 514 3433 et
534 3381 659 3446 pacificos
685 3380 786 3430 animos
811 3395 842 3430 eu
867 3380 1015 3432 serenitatis
1034 3390 1139 3434 nostrae
1159 3385 1340 3438 admonitione

223 3456 381 3520 custodiant,
399 3473 447 3507 nec
464 3454 567 3520 aliquid
585 3451 714 3505 seditiosis
734 3453 971 3518 conspirationibus
984 3463 1110 3520 temptare
1126 3466 1261 3521 conentur,
1278 3476 1339 3511 oum

223 3539 320 3582 certina
339 3528 381 3593 sit,
399 3529 470 3579 nulli
482 3527 603 3593 partium
622 3544 673 3577 sua
691 3525 782 3577 studia
795 3526 950 3594 profutura.

304 3598 352 3661 10.
382 3596 474 3660 Haec
488 3615 591 3679 pause
605 3593 644 3658 de
655 3594 802 3680 plurimis
817 3594 1096 3659 constitutionibus
1112 3595 1340 3663 ecclesiasticis

224 3681 291 3745 sive
302 3680 438 3744 Honorii
448 3679 517 3743 sive
527 3678 659 3742 Arcadii
670 3680 898 3764 imperatorum
909 3678 1049 3765 exempli
1056 3681 1161 3766 gratia
1169 3682 1340 3770 descripsi-

223 3851 247 3903 a)
264 3854 396 3894 continetur
414 3855 439 3901 ις
455 3852 533 3895 emend.
550 3851 576 3892 6¹.
637 3851 661 3904 b)
677 3853 781 3893 minuere
798 3853 822 3901 13
838 3853 917 3893 emend.
934 3852 1043 3896 Struvius.
1096 3852 1117 3906 c)
1136 3856 1227 3896 ordinet
1243 3857 1263 3908 1,
1281 3859 1342 3906 quoa

223 3913 267 3952 iam
282 3911 308 3952 θ.
325 3911 448 3952 smmdcvn.
510 3909 533 3962 d)
549 3911 581 3950 ita
596 3911 697 3962 Hinscb.,·
714 3912 894 3951 concertantium
911 3913 931 3952 1.

226 4052 253 4116 1)
273 4054 379 4105 Ibidem
399 4057 441 4105 tit.
455 4055 486 4118 V,
505 4054 523 4106 l.
538 4054 582 4106 24.
649 4053 926 4119 innitentium.
995 4053 1025 4121 3)
1044 4056 1148 4106 Ibidem
1168 4063 1187 4108 t.
1201 4058 1239 4121 II,
1260 4057 1278 4109 I.
1294 4059 1340 4110 47.

223 4128 302 4179 Haec
320 4129 365 4179 Iex
383 4143 400 4177 s
419 4127 608 4179 Valentiniano
630 4133 657 4178 ct
675 4126 826 4178 Theodosio
846 4125 904 4177 lats
923 4133 971 4179 est.
1046 4130 1074 4192 4)
1101 4130 1225 4195 Epistula
1245 4131 1341 4182 decre·

223 4207 309 4252 torum
337 4216 424 4268 papae
450 4202 584 4252 Bonifscii
612 4199 647 4251 ad
672 4200 820 4251 Honorinm
847 4207 988 4266 augustum
1014 4217 1057 4268 sp.
1083 4202 1244 4255 Hinschium
1273 4206 1292 4256 l.
1315 4222 1340 4255 c.

223 4291 250 4341 p.
271 4275 332 4327 554.
408 4272 438 4340 b)
457 4275 572 4327 Ibidem.
