2812 4830
252 380 303 430 DE
322 378 481 431 UNITATE
500 376 705 430 accursum
727 378 1002 431 CONSERVANDA.
1141 379 1192 430 109

153 547 206 612 33.
240 546 270 609 A
294 546 338 609 ud
352 545 422 609 illos
436 545 596 632 siquidem
615 546 786 631 episcopos
809 555 920 610 euntes
943 547 985 611 ad
1006 569 1192 632 expugnan-

69 630 148 698 dum
170 568 445 714 wirziburgensis
475 629 628 694 ecclesiae
658 631 890 715 episcopatum,
918 629 1046 716 quando
1071 630 1193 696 factum

69 724 120 780 est
149 713 210 778 hoc
241 714 367 800 dequo
394 714 458 777 iam
481 714 623 778 diximus
645 713 813 800 praelium,
836 714 922 798 apud
945 713 1027 795 illos,
1049 715 1192 800 inquam,

69 801 243 898 episcopos
270 808 348 864 tunc
377 807 446 862 erat
473 798 572 879 curia,
602 820 684 896 quae
714 797 831 862 dicitur
852 819 872 861 a
894 798 1092 880 crudelitate,
1116 819 1192 884 quo·

69 905 158 947 mam
191 881 280 968 apud
311 903 376 963 eos,
410 882 494 947 sicut
523 903 581 946 nos
608 884 671 968 ipsi
704 882 939 967 prospeximus,
974 892 1193 946 convenerunt

68 967 235 1053 principes
259 966 431 1046 Saxoniae,
460 976 635 1032 tractantes
658 966 697 1029 de
720 966 862 1050 suseepti
891 964 966 1031 belli
987 966 1191 1048 crudelitate,

69 1051 129 1117 ubi
159 1051 283 1136 primus
317 1059 384 1115 erat
416 1051 456 1116 de
488 1049 690 1136 principibus
722 1050 884 1148 Egbertus
917 1049 1070 1133 marchio,
1106 1050 1191 1114 filius

68 1134 207 1220 Egberti
229 1135 364 1200 senioris
375 1147 396 1215 ¹,
419 1135 476 1235 qui
490 1134 551 1199 fuit
564 1132 737 1218 patruelis²
759 1135 850 1197 istius
874 1135 929 1220 qui
950 1132 1056 1197 adhuc
1077 1142 1193 1219 regnat

68 1217 230 1285 Henrichi
251 1219 471 1304 imperatorrs;
516 1241 590 1282 uem
612 1216 734 1283 scilicet
749 1217 948 1282 Henrichum
970 1217 1075 1282 adhuc
1097 1217 1192 1282 valde

66 1314 229 1390 puerum³
252 1302 305 1367 ille
327 1303 434 1367 senior
447 1241 608 1387 Eghertus
631 1311 662 1368 et
683 1300 737 1367 alii
753 1301 906 1387 quidam⁴
929 1302 968 1365 de
990 1300 1192 1401 principibus

65 1388 165 1473 'regni
180 1388 426 1458 subtraxerunt⁵
442 1387 611 1451 immature
634 1408 654 1449 a
669 1384 768 1450 tutela
782 1387 855 1471 piae
869 1397 1064 1450 memoriae⁰
1080 1386 1191 1449 matris

65 1493 149 1536 suae
171 1471 384 1555 imperatricis
406 1471 440 1535 H
482 1491 552 1553 nae,
581 1492 654 1534 cum
674 1472 739 1535 iam
762 1479 836 1536 ante
857 1492 959 1534 annos
980 1492 1039 1534 sex
1061 1470 1193 1535 obiisset

66 1555 242 1640 religiosus
263 1564 355 1641 pater
378 1556 446 1620 eius
503 1555 663 1636 enrichus,
685 1576 770 1620 anno
792 1553 918 1619 scilicet
938 1556 1029 1620 1056.
1051 1575 1071 1617 a
1093 1554 1284 1622 domi-cas.

66 1641 146 1703 nica
173 1641 402 1721 incarnatione,
431 1639 559 1726 quando
589 1650 699 1705 sextus
728 1649 797 1703 erat
822 1660 925 1702 annus
947 1640 1038 1704 istius
1060 1638 1192 1702 iunioris

66 1723 230 1788 Henrichi
259 1746 279 1788 a
307 1724 484 1804 nativitate,
512 1728 625 1789 tertius
652 1733 759 1787 autem
781 1721 822 1786 ab
845 1723 913 1787 eius
935 1723 1136 1787 ordinatione
1159 1723 1194 1786 in

67 1830 191 1894 regem,
214 1830 297 1894 quae
318 1808 405 1873 facta
426 1817 474 1872 est
495 1807 693 1894 Aquisgrani
714 1829 772 1893 per
786 1805 978 1871 Herimanni
993 1806 1268 1872 Coloniensis1054·

68 1893 310 1979 archiepiscopi
347 1893 531 1957 unctionem
545 1905 568 1955 t.
621 1891 686 1956 Sed
722 1900 893 1977 postquam
929 1889 1062 1976 puerilis
1101 1890 1192 1975 regni
1203 1871 1292 1914 ΜΠ·

70 1975 219 2041 custodia
235 1977 323 2041 venit
341 1998 361 2040 a
378 1984 479 2040 matre
500 1975 541 2039 ad
563 1976 726 2061 principes
748 1975 850 2060 regni,
872 1985 941 2039 tum
960 1995 1036 2038 vero
1055 1975 1127 2037 iura
1141 1972 1193 2037 vel

69 2060 227 2126 ecclesiae
247 2059 299 2126 vel
313 2062 360 2126 rei
375 2058 523 2146 publicae
539 2070 716 2144 coeperunt
737 2080 796 2145 pro
811 2058 876 2124 levi
890 2069 1052 2123 momento
1069 2057 1190 2139 haberi,

71 2167 147 2210 cum
175 2145 335 2231 siquidem
361 2142 449 2208 nulla
477 2165 512 2208 re
541 2153 766 2230 praeterquam
794 2142 921 2228 legibus
949 2144 1067 2228 poterit
1087 2140 1191 2206 multi-

70 2229 150 2295 tudo
180 2228 361 2294 coalescere
390 2229 424 2291 in
446 2250 564 2327 corpus
586 2229 679 2291 unius
708 2227 829 2312 populi.
872 2227 917 2292 Et
937 2250 971 2291 re
992 2247 1070 2291 vera
1093 2225 1192 2311 ‘quod

71 2325 149 2379 tunc
169 2313 332 2377 confotum
347 2321 405 2393 est,
427 2323 532 2398 erupit
553 2313 618 2375 iam
639 2312 673 2375 in
688 2311 852 2397 regulum’,
876 2311 1027 2397 quoniam
1049 2332 1087 2373 ea
1108 2332 1353 2395 quaestuaria.

71 2408 150 2463 tunc
172 2395 314 2462 latebant
341 2397 505 2481 genimina
526 2396 712 2481 viperarum
739 2406 936 2481 pepererunt
963 2396 1024 2458 iam
1054 2395 1319 2458 fetoremowvth·

69 2483 269 2548 teterrimum
293 2490 325 2545 et
339 2480 517 2566 principem
534 2482 677 2545 omnium
700 2489 884 2566 serpentum
906 2478 1079 2560 diabolum,
1101 2480 1192 2542 iuxta
1217 2458 1297 2511 Μ’

72 2565 161 2653 quod
183 2566 253 2651 ipse
268 2563 416 2630 diabolus
430 2565 559 2630 videtur
579 2587 664 2628 nuno
686 2565 726 2629 de
742 2586 869 2629 carcere
892 2587 950 2628 suo
973 2563 1095 2629 solutus
1111 2585 1190 2645 esse,

71 2660 255 2736 postquam,
278 2651 361 2715 sicut
383 2653 541 2735 scriptum
564 2658 612 2713 est
633 2651 666 2712 in
689 2648 900 2734 Apocalypsi,
924 2648 1025 2713 exivit
1044 2649 1190 2712 nationes

72 2734 227 2799 seducere
260 2744 292 2798 et
323 2735 357 2796 in
391 2733 509 2798 bellum
538 2733 672 2812 trahere,
706 2754 787 2818 quas
818 2742 913 2796 antea
941 2733 1046 2796 modis
1075 2732 1191 2831 quibus

72 2828 199 2905 poterat
227 2839 285 2903 per
305 2817 390 2882 mala
412 2816 512 2880 multa
539 2827 571 2881 et
592 2819 681 2880 varia
703 2816 888 2880 seducebat.
931 2817 1018 2882 Ecce
1040 2838 1135 2896 enim,
1157 2826 1194 2879 ut

72 2903 377 2988 praetermittamus,
401 2922 483 2987 quae
504 2911 582 2964 tunc
604 2911 695 2983 gesta
716 2911 791 2964 sunt
812 2901 988 2965 ambitione
1010 2902 1193 2985 principum

72 2987 125 3052 vel
147 2987 291 3068 avaritia,
313 3008 395 3072 quae
421 2983 648 3049 estidolorum
672 2985 820 3063 servitus,
844 2994 876 3047 et
897 2984 1059 3069 quomodo
1082 3007 1194 3047 earun-

72 3072 148 3136 dem
169 3092 287 3152 rerum,
309 3067 396 3133 unde
418 3069 592 3133 destruitur
613 3066 749 3132 ecclesia
770 3069 891 3153 pariter
919 3076 951 3131 et
979 3090 1029 3131 res
1051 3065 1193 3151 publica,

72 3154 246 3241 plerosque
274 3154 370 3219 etiam
398 3153 567 3239 episcopos
594 3160 690 3239 atque
723 3152 856 3216 abbates
884 3151 1114 3215 immoderatus
1147 3152 1194 3213 in·

72 3250 203 3304 vaserat
234 3240 406 3323 appetitus,
439 3244 628 3322 quaerentes
662 3234 783 3321 puerile
815 3234 901 3319 regis
929 3236 1095 3319 ingenium
1128 3235 1193 3298 suis

72 3324 184 3410 potius
212 3324 378 3386 instituere
407 3320 551 3385 moribus
581 3343 677 3406 quam
702 3320 794 3385 bonis
815 3317 953 3383 artibus:
979 3329 1015 3382 ut
1035 3317 1126 3397 haec,
1148 3318 1194 3380 in-

74 3430 182 3494 quam,
233 3414 457 3487 raetereamus,
485 3427 560 3470 ecce
590 3405 749 3471 contentio
775 3404 860 3468 facta
882 3412 931 3468 est
955 3404 1038 3466 inter
1058 3399 1196 3465 Wezeli·

73 3514 154 3555 num
168 3430 506 3555 Hildinisheimensem
521 3490 709 3575 episcopum
726 3498 759 3554 et
773 3486 984 3553 Wideradum
1001 3484 1194 3549 Fuldensem

73 3577 226 3641 abbatem
260 3597 357 3661 super
389 3572 556 3638 altitudine
589 3573 739 3637 sessionis
772 3594 857 3654 suae,
887 3594 962 3635 cum
995 3570 1034 3633 de
1067 3567 1194 3634 diabolo

74 3661 233 3748 scriptum
260 3661 311 3742 sit,
345 3659 435 3744 quia:
475 3658 573 3723 Omne
603 3658 737 3722 sublime
765 3658 852 3722 videt
881 3667 909 3721 et
938 3665 983 3719 cst
1009 3675 1068 3718 rere
1097 3676 1343 3738 supernarum.

75 3768 184 3810 omnes
212 3744 305 3828 filios
340 3743 523 3827 superbiae.
571 3743 675 3826 Igitur
711 3764 770 3806 rex
803 3763 884 3827 puer
919 3741 949 3803 2.
982 3759 1077 3820 anno,
1109 3745 1194 3823 post·

1200 2637 1229 2678 et.
1240 2636 1312 2686 Apoc.

1224 2697 1260 2747 20,
1272 2694 1292 2734 l.

76 3981 104 4044 1)
127 3979 168 4029 ef.
182 3977 269 4041 Floto,
289 3977 427 4028 ‘Heinrich
445 3977 503 4028 IV.'
518 3976 541 4041 1,
562 3994 588 4043 p.
606 3978 665 4027 191.
730 3977 756 4041 2)
778 3976 844 4028 Scil.
863 3975 945 4025 frater
963 3973 1101 4040 patruelis.
1131 3971 1194 4020 Liu-

77 4051 176 4116 dolfus,
193 4059 265 4102 ortus
283 4068 315 4100 ex
331 4051 456 4115 coniugio
471 4050 579 4101 Giselae
600 4067 660 4101 cum
681 4052 778 4101 comite
793 4050 874 4109 Brun,
893 4048 976 4098 frater
996 4047 1091 4097 eadem
1112 4051 1194 4095 matre

75 4132 157 4177 natus
177 4125 290 4174 Henrici
308 4124 362 4176 111.
382 4125 440 4174 fuit.
523 4124 551 4188 3)
571 4125 655 4175 Natus
676 4130 716 4174 est
736 4124 778 4173 die
800 4122 842 4172 11.-
862 4121 930 4172 Nov.
950 4136 974 4171 a.
997 4121 1067 4170 1050
1087 4118 1194 4182 (hamb.

76 4201 127 4252 SS.
140 4200 172 4262 V,
193 4215 219 4264 p.
233 4198 293 4248 155.
313 4197 381 4249 falso
397 4196 477 4246 1051.
498 4197 613 4261 scribit).
689 4199 718 4262 4)
737 4197 814 4246 Anno
835 4196 953 4260 archiep.
975 4193 1069 4244 Colon.
1091 4199 1117 4242 et
1130 4193 1194 4243 Otto

77 4273 112 4322 de
133 4271 288 4324 Nordheim.
346 4270 374 4336 5)
393 4272 416 4321 E
436 4270 521 4321 tutela
540 4272 631 4322 matris
652 4277 758 4337 ereptus
779 4274 819 4320 est
840 4269 919 4330 1062,
938 4267 1023 4333 April.
1077 4266 1104 4329 6)
1124 4266 1194 4315 Mor·

76 4352 124 4397 tua
144 4350 186 4396 est
204 4345 294 4410 Agnes
315 4345 358 4394 die
380 4344 510 4398 14.,Dec.
533 4343 612 4395 1077.
704 4345 730 4408 l)
757 4343 798 4394 cf.
820 4341 913 4393 Lamb.
938 4340 998 4403 (SS.
1019 4340 1052 4398 V,
1071 4356 1097 4405 p.
1120 4337 1194 4403 156).
