<?xml version="1.0" encoding="UTF-8"?>
<!DOCTYPE html PUBLIC "-//W3C//DTD XHTML 1.0 Transitional//EN"
    "http://www.w3.org/TR/xhtml1/DTD/xhtml1-transitional.dtd">
<html xmlns="http://www.w3.org/1999/xhtml" xml:lang="en" lang="en">
 <head>
  <title>
</title>
<meta http-equiv="Content-Type" content="text/html;charset=utf-8" />
  <meta name='ocr-system' content='tesseract 3.04.00' />
  <meta name='ocr-capabilities' content='ocr_page ocr_carea ocr_par ocr_line ocrx_word'/>
</head>
<body>
  <div class='ocr_page' id='page_1' title='image "./waltramiutvidet00schwgoog_0135.png"; bbox 0 0 2812 4830; ppageno 0'>
   <div class='ocr_carea' id='block_1_1' title="bbox 225 361 1169 418">
    <p class='ocr_par' dir='ltr' id='par_1_1' title="bbox 225 361 1169 418">
     <span class='ocr_line' id='line_1_1' title="bbox 225 361 1169 418; baseline -0.004 -1"><span class='ocrx_word' id='word_1_1' title='bbox 225 368 278 418; x_wconf 85' lang='lat'>108</span> <span class='ocrx_word' id='word_1_2' title='bbox 414 368 464 417; x_wconf 85' lang='lat' dir='ltr'>DE</span> <span class='ocrx_word' id='word_1_3' title='bbox 484 365 643 416; x_wconf 79' lang='lat' dir='ltr'>urtlTATn</span> <span class='ocrx_word' id='word_1_4' title='bbox 663 363 868 416; x_wconf 80' lang='lat' dir='ltr'><strong>EOOLESIAE</strong></span> <span class='ocrx_word' id='word_1_5' title='bbox 889 361 1169 415; x_wconf 77' lang='lat' dir='ltr'>CONSERVANDA.</span> 
     </span>
    </p>
   </div>
   <div class='ocr_carea' id='block_1_2' title="bbox 146 527 1345 967">
    <p class='ocr_par' dir='ltr' id='par_1_2' title="bbox 146 527 1345 967">
     <span class='ocr_line' id='line_1_2' title="bbox 146 527 1341 620; baseline -0.009 -17"><span class='ocrx_word' id='word_1_6' title='bbox 146 562 212 604; x_wconf 81' lang='lat' dir='ltr'>ross.</span> <span class='ocrx_word' id='word_1_7' title='bbox 246 536 364 600; x_wconf 86' lang='lat' dir='ltr'>uadem</span> <span class='ocrx_word' id='word_1_8' title='bbox 391 529 595 620; x_wconf 89' lang='lat' dir='ltr'>popularium</span> <span class='ocrx_word' id='word_1_9' title='bbox 624 539 777 594; x_wconf 79' lang='lat' dir='ltr'>suoruma</span> <span class='ocrx_word' id='word_1_10' title='bbox 798 530 900 594; x_wconf 89' lang='lat' dir='ltr'>Nonis</span> <span class='ocrx_word' id='word_1_11' title='bbox 923 528 1054 616; x_wconf 81' lang='lat' dir='ltr'>Aprilis,</span> <span class='ocrx_word' id='word_1_12' title='bbox 1075 530 1109 593; x_wconf 94' lang='lat' dir='ltr'>in</span> <span class='ocrx_word' id='word_1_13' title='bbox 1132 538 1249 614; x_wconf 88' lang='lat' dir='ltr'>quarta</span> <span class='ocrx_word' id='word_1_14' title='bbox 1269 527 1341 593; x_wconf 86' lang='lat' dir='ltr'>feris</span> 
     </span>
     <span class='ocr_line' id='line_1_3' title="bbox 224 558 1342 718; baseline -0.009 -33"><span class='ocrx_word' id='word_1_15' title='bbox 224 558 405 718; x_wconf 72' lang='lat' dir='ltr'>dominicae</span> <span class='ocrx_word' id='word_1_16' title='bbox 420 615 590 703; x_wconf 80' lang='lat' dir='ltr'>passionis,</span> <span class='ocrx_word' id='word_1_17' title='bbox 612 636 696 678; x_wconf 92' lang='lat' dir='ltr'>anno</span> <span class='ocrx_word' id='word_1_18' title='bbox 711 613 832 678; x_wconf 87' lang='lat' dir='ltr'>scilicet</span> <span class='ocrx_word' id='word_1_19' title='bbox 848 613 954 680; x_wconf 79' lang='grc' dir='ltr'>1087.ι</span> <span class='ocrx_word' id='word_1_20' title='bbox 974 634 995 677; x_wconf 89' lang='lat' dir='ltr'>a</span> <span class='ocrx_word' id='word_1_21' title='bbox 1008 624 1153 700; x_wconf 88' lang='lat' dir='ltr'>tempore</span> <span class='ocrx_word' id='word_1_22' title='bbox 1168 613 1342 678; x_wconf 89' lang='lat' dir='ltr'>dominicae</span> 
     </span>
     <span class='ocr_line' id='line_1_4' title="bbox 224 711 1343 866; baseline -0.007 -14"><span class='ocrx_word' id='word_1_23' title='bbox 224 711 551 851; x_wconf 45' lang='lat' dir='ltr'>natlvdtdinsilidimus</span> <span class='ocrx_word' id='word_1_24' title='bbox 574 782 670 848; x_wconf 91' lang='lat' dir='ltr'>etiam</span> <span class='ocrx_word' id='word_1_25' title='bbox 698 781 744 845; x_wconf 93' lang='lat' dir='ltr'>ibi</span> <span class='ocrx_word' id='word_1_26' title='bbox 767 780 1006 864; x_wconf 81' lang='lat' dir='ltr'>Gebehardum,</span> <span class='ocrx_word' id='word_1_27' title='bbox 1035 781 1158 848; x_wconf 89' lang='lat' dir='ltr'>dictum</span> <span class='ocrx_word' id='word_1_28' title='bbox 1186 781 1343 866; x_wconf 86' lang='lat' dir='ltr'>quondam</span> 
     </span>
     <span class='ocr_line' id='line_1_5' title="bbox 226 864 1345 967; baseline -0.006 -32"><span class='ocrx_word' id='word_1_29' title='bbox 226 869 496 954; x_wconf 76' lang='lat' dir='ltr'>Salzburgensish</span> <span class='ocrx_word' id='word_1_30' title='bbox 533 864 689 932; x_wconf 87' lang='lat' dir='ltr'>ecclesiae</span> <span class='ocrx_word' id='word_1_31' title='bbox 725 866 1021 967; x_wconf 75' lang='lat' dir='ltr'>archiepiscopum,</span> <span class='ocrx_word' id='word_1_32' title='bbox 1056 868 1112 953; x_wconf 95' lang='lat' dir='ltr'>qui</span> <span class='ocrx_word' id='word_1_33' title='bbox 1138 875 1216 952; x_wconf 92' lang='lat' dir='ltr'>post</span> <span class='ocrx_word' id='word_1_34' title='bbox 1251 864 1345 929; x_wconf 86' lang='lat' dir='ltr'>multa</span> 
     </span>
    </p>
   </div>
   <div class='ocr_carea' id='block_1_3' title="bbox 67 950 1348 2216">
    <p class='ocr_par' dir='ltr' id='par_1_3' title="bbox 67 950 1348 2216">
     <span class='ocr_line' id='line_1_6' title="bbox 225 950 1344 1038; baseline -0.007 -18"><span class='ocrx_word' id='word_1_35' title='bbox 225 953 380 1020; x_wconf 86' lang='lat' dir='ltr'>ecelesiae</span> <span class='ocrx_word' id='word_1_36' title='bbox 408 951 568 1038; x_wconf 90' lang='lat' dir='ltr'>stipendia</span> <span class='ocrx_word' id='word_1_37' title='bbox 595 950 792 1036; x_wconf 81' lang='lat' dir='ltr'>coepitium</span> <span class='ocrx_word' id='word_1_38' title='bbox 820 973 912 1035; x_wconf 81' lang='lat' dir='ltr'>quast</span> <span class='ocrx_word' id='word_1_39' title='bbox 933 973 1016 1037; x_wconf 88' lang='lat' dir='ltr'>puer</span> <span class='ocrx_word' id='word_1_40' title='bbox 1036 961 1166 1016; x_wconf 89' lang='lat' dir='ltr'>centurn</span> <span class='ocrx_word' id='word_1_41' title='bbox 1192 971 1344 1013; x_wconf 90' lang='lat' dir='ltr'>annorum</span> 
     </span>
     <span class='ocr_line' id='line_1_7' title="bbox 225 1034 1345 1134; baseline -0.006 -31"><span class='ocrx_word' id='word_1_42' title='bbox 225 1037 361 1103; x_wconf 91' lang='lat' dir='ltr'>militare</span> <span class='ocrx_word' id='word_1_43' title='bbox 382 1037 545 1100; x_wconf 87' lang='lat' dir='ltr'>incastris</span> <span class='ocrx_word' id='word_1_44' title='bbox 562 1034 740 1116; x_wconf 84' lang='lat' dir='ltr'><strong>Saxonum,</strong></span> <span class='ocrx_word' id='word_1_45' title='bbox 762 1055 801 1098; x_wconf 90' lang='lat' dir='ltr'>ao</span> <span class='ocrx_word' id='word_1_46' title='bbox 815 1034 912 1120; x_wconf 89' lang='lat' dir='ltr'>paulo</span> <span class='ocrx_word' id='word_1_47' title='bbox 928 1047 1002 1134; x_wconf 85' lang='lat' dir='ltr'>post</span> <span class='ocrx_word' id='word_1_48' title='bbox 1015 1045 1203 1119; x_wconf 88' lang='lat' dir='ltr'>recepturus</span> <span class='ocrx_word' id='word_1_49' title='bbox 1218 1034 1345 1118; x_wconf 84' lang='lat' dir='ltr'>dignam</span> 
     </span>
     <span class='ocr_line' id='line_1_8' title="bbox 225 1118 1345 1204; baseline -0.006 -17"><span class='ocrx_word' id='word_1_50' title='bbox 225 1123 382 1187; x_wconf 82' lang='lat' dir='ltr'>factorum</span> <span class='ocrx_word' id='word_1_51' title='bbox 414 1142 547 1185; x_wconf 90' lang='lat' dir='ltr'>suorum</span> <span class='ocrx_word' id='word_1_52' title='bbox 568 1118 860 1183; x_wconf 81' lang='lat' dir='ltr'>remunerationem</span> <span class='ocrx_word' id='word_1_53' title='bbox 884 1119 993 1202; x_wconf 83' lang='lat' dir='ltr'>obrit²,</span> <span class='ocrx_word' id='word_1_54' title='bbox 1045 1131 1195 1204; x_wconf 88' lang='lat' dir='ltr'>ostquam</span> <span class='ocrx_word' id='word_1_55' title='bbox 1223 1140 1243 1181; x_wconf 90' lang='lat' dir='ltr'>a</span> <span class='ocrx_word' id='word_1_56' title='bbox 1272 1118 1345 1182; x_wconf 88' lang='lat' dir='ltr'>viris</span> 
     </span>
     <span class='ocr_line' id='line_1_9' title="bbox 226 1202 1346 1290; baseline -0.006 -19"><span class='ocrx_word' id='word_1_57' title='bbox 226 1208 430 1290; x_wconf 83' lang='lat' dir='ltr'>sanguinum,</span> <span class='ocrx_word' id='word_1_58' title='bbox 463 1204 531 1268; x_wconf 88' lang='lat' dir='ltr'>suis</span> <span class='ocrx_word' id='word_1_59' title='bbox 564 1202 687 1267; x_wconf 87' lang='lat' dir='ltr'>scilicet</span> <span class='ocrx_word' id='word_1_60' title='bbox 719 1202 943 1288; x_wconf 84' lang='lat' dir='ltr'>participibus,</span> <span class='ocrx_word' id='word_1_61' title='bbox 978 1225 995 1267; x_wconf 89' lang='lat' dir='ltr'>e</span> <span class='ocrx_word' id='word_1_62' title='bbox 1043 1226 1098 1267; x_wconf 91' lang='lat' dir='ltr'>sus</span> <span class='ocrx_word' id='word_1_63' title='bbox 1131 1211 1181 1268; x_wconf 91' lang='lat' dir='ltr'>est</span> <span class='ocrx_word' id='word_1_64' title='bbox 1218 1203 1346 1287; x_wconf 86' lang='lat' dir='ltr'>sanguis</span> 
     </span>
     <span class='ocr_line' id='line_1_10' title="bbox 225 1286 1347 1372; baseline -0.006 -17"><span class='ocrx_word' id='word_1_65' title='bbox 225 1291 398 1355; x_wconf 89' lang='lat' dir='ltr'>multorum</span> <span class='ocrx_word' id='word_1_66' title='bbox 420 1295 453 1351; x_wconf 92' lang='lat' dir='ltr'>in</span> <span class='ocrx_word' id='word_1_67' title='bbox 476 1289 613 1352; x_wconf 89' lang='lat' dir='ltr'>circuitu</span> <span class='ocrx_word' id='word_1_68' title='bbox 629 1286 902 1372; x_wconf 84' lang='lat' dir='ltr'>Wirniburgensis</span> <span class='ocrx_word' id='word_1_69' title='bbox 924 1287 1080 1352; x_wconf 88' lang='lat' dir='ltr'>ecclesiae</span> <span class='ocrx_word' id='word_1_70' title='bbox 1105 1287 1215 1352; x_wconf 80' lang='lat' dir='ltr'>velut³</span> <span class='ocrx_word' id='word_1_71' title='bbox 1236 1289 1272 1349; x_wconf 93' lang='lat' dir='ltr'>in</span> <span class='ocrx_word' id='word_1_72' title='bbox 1294 1287 1347 1349; x_wconf 91' lang='lat' dir='ltr'>oir-</span> 
     </span>
     <span class='ocr_line' id='line_1_11' title="bbox 226 1370 1345 1457; baseline -0.005 -18"><span class='ocrx_word' id='word_1_73' title='bbox 226 1376 316 1441; x_wconf 90' lang='lat' dir='ltr'>cuitu</span> <span class='ocrx_word' id='word_1_74' title='bbox 344 1371 557 1437; x_wconf 87' lang='lat' dir='ltr'>Hierusalem.</span> <span class='ocrx_word' id='word_1_75' title='bbox 600 1371 688 1435; x_wconf 87' lang='lat' dir='ltr'>Ecce</span> <span class='ocrx_word' id='word_1_76' title='bbox 711 1371 797 1434; x_wconf 90' lang='lat' dir='ltr'>enim</span> <span class='ocrx_word' id='word_1_77' title='bbox 820 1371 1085 1457; x_wconf 66' lang='lat' dir='ltr'>salzburgensisr</span> <span class='ocrx_word' id='word_1_78' title='bbox 1108 1370 1248 1435; x_wconf 87' lang='lat' dir='ltr'>ecclesia</span> <span class='ocrx_word' id='word_1_79' title='bbox 1277 1391 1345 1434; x_wconf 90' lang='lat' dir='ltr'>con·</span> 
     </span>
     <span class='ocr_line' id='line_1_12' title="bbox 227 1454 1347 1542; baseline -0.005 -19"><span class='ocrx_word' id='word_1_80' title='bbox 227 1459 369 1524; x_wconf 88' lang='lat' dir='ltr'>dimento</span> <span class='ocrx_word' id='word_1_81' title='bbox 398 1455 568 1540; x_wconf 87' lang='lat' dir='ltr'>pastoralis</span> <span class='ocrx_word' id='word_1_82' title='bbox 597 1454 662 1519; x_wconf 90' lang='lat' dir='ltr'>cibi</span> <span class='ocrx_word' id='word_1_83' title='bbox 691 1454 791 1519; x_wconf 88' lang='lat' dir='ltr'>multo</span> <span class='ocrx_word' id='word_1_84' title='bbox 819 1457 885 1519; x_wconf 92' lang='lat' dir='ltr'>iam</span> <span class='ocrx_word' id='word_1_85' title='bbox 912 1467 1058 1542; x_wconf 88' lang='lat' dir='ltr'>tempore</span> <span class='ocrx_word' id='word_1_86' title='bbox 1087 1457 1200 1537; x_wconf 84' lang='lat' dir='ltr'>caruit,</span> <span class='ocrx_word' id='word_1_87' title='bbox 1223 1477 1266 1520; x_wconf 88' lang='lat' dir='ltr'>ex</span> <span class='ocrx_word' id='word_1_88' title='bbox 1289 1475 1347 1540; x_wconf 93' lang='lat' dir='ltr'>quo</span> 
     </span>
     <span class='ocr_line' id='line_1_13' title="bbox 226 1539 1347 1627; baseline -0.007 -18"><span class='ocrx_word' id='word_1_89' title='bbox 226 1543 297 1609; x_wconf 90' lang='lat' dir='ltr'>eius</span> <span class='ocrx_word' id='word_1_90' title='bbox 330 1551 441 1626; x_wconf 90' lang='lat' dir='ltr'>pastor</span> <span class='ocrx_word' id='word_1_91' title='bbox 474 1539 676 1605; x_wconf 82' lang='lat' dir='ltr'>Gebebartus</span> <span class='ocrx_word' id='word_1_92' title='bbox 704 1539 801 1624; x_wconf 87' lang='lat' dir='ltr'>fugit,</span> <span class='ocrx_word' id='word_1_93' title='bbox 835 1542 912 1627; x_wconf 89' lang='lat' dir='ltr'>quia</span> <span class='ocrx_word' id='word_1_94' title='bbox 945 1540 1100 1625; x_wconf 89' lang='lat' dir='ltr'>pacificus</span> <span class='ocrx_word' id='word_1_95' title='bbox 1129 1561 1194 1604; x_wconf 91' lang='lat' dir='ltr'>non</span> <span class='ocrx_word' id='word_1_96' title='bbox 1230 1539 1347 1619; x_wconf 70' lang='lat' dir='ltr'>extitit,</span> 
     </span>
     <span class='ocr_line' id='line_1_14' title="bbox 227 1620 1348 1712; baseline -0.004 -23"><span class='ocrx_word' id='word_1_97' title='bbox 227 1625 357 1712; x_wconf 89' lang='lat' dir='ltr'>qualem</span> <span class='ocrx_word' id='word_1_98' title='bbox 372 1622 495 1689; x_wconf 88' lang='lat' dir='ltr'>scilieet</span> <span class='ocrx_word' id='word_1_99' title='bbox 515 1645 579 1688; x_wconf 92' lang='lat' dir='ltr'>non</span> <span class='ocrx_word' id='word_1_100' title='bbox 594 1633 766 1708; x_wconf 84' lang='lat' dir='ltr'>pastorem,</span> <span class='ocrx_word' id='word_1_101' title='bbox 788 1624 847 1689; x_wconf 87' lang='lat' dir='ltr'>sed</span> <span class='ocrx_word' id='word_1_102' title='bbox 861 1625 1115 1689; x_wconf 88' lang='lat' dir='ltr'>mercennarium</span> <span class='ocrx_word' id='word_1_103' title='bbox 1135 1625 1168 1687; x_wconf 92' lang='lat' dir='ltr'>in</span> <span class='ocrx_word' id='word_1_104' title='bbox 1184 1620 1348 1708; x_wconf 84' lang='lat' dir='ltr'>euangelio</span> 
     </span>
     <span class='ocr_line' id='line_1_15' title="bbox 227 1707 1345 1796; baseline -0.004 -21"><span class='ocrx_word' id='word_1_105' title='bbox 227 1708 369 1796; x_wconf 91' lang='lat' dir='ltr'>appellat</span> <span class='ocrx_word' id='word_1_106' title='bbox 390 1708 560 1788; x_wconf 86' lang='lat' dir='ltr'>Dominus,</span> <span class='ocrx_word' id='word_1_107' title='bbox 588 1708 740 1794; x_wconf 91' lang='lat' dir='ltr'>quoniam</span> <span class='ocrx_word' id='word_1_108' title='bbox 768 1707 845 1793; x_wconf 91' lang='lat' dir='ltr'>lupo</span> <span class='ocrx_word' id='word_1_109' title='bbox 869 1710 1072 1774; x_wconf 84' lang='lat' dir='ltr'>occasionem</span> <span class='ocrx_word' id='word_1_110' title='bbox 1094 1708 1261 1773; x_wconf 86' lang='lat' dir='ltr'>saeviendi</span> <span class='ocrx_word' id='word_1_111' title='bbox 1282 1729 1345 1793; x_wconf 87' lang='lat' dir='ltr'>per·</span> 
     </span>
     <span class='ocr_line' id='line_1_16' title="bbox 228 1790 1346 1878; baseline -0.002 -21"><span class='ocrx_word' id='word_1_112' title='bbox 228 1795 325 1876; x_wconf 83' lang='lat' dir='ltr'>misit,</span> <span class='ocrx_word' id='word_1_113' title='bbox 356 1791 521 1857; x_wconf 88' lang='lat' dir='ltr'>subtracta</span> <span class='ocrx_word' id='word_1_114' title='bbox 553 1790 706 1877; x_wconf 87' lang='lat' dir='ltr'>pastorali</span> <span class='ocrx_word' id='word_1_115' title='bbox 742 1813 818 1856; x_wconf 90' lang='lat' dir='ltr'>cura</span> <span class='ocrx_word' id='word_1_116' title='bbox 850 1792 963 1878; x_wconf 88' lang='lat' dir='ltr'>ipsius.</span> <span class='ocrx_word' id='word_1_117' title='bbox 1006 1793 1102 1858; x_wconf 90' lang='lat' dir='ltr'>Unde</span> <span class='ocrx_word' id='word_1_118' title='bbox 1133 1792 1222 1858; x_wconf 88' lang='lat' dir='ltr'>idem</span> <span class='ocrx_word' id='word_1_119' title='bbox 1259 1792 1346 1856; x_wconf 90' lang='lat' dir='ltr'>Deus</span> 
     </span>
     <span class='ocr_line' id='line_1_17' title="bbox 228 1876 1344 1963; baseline -0.004 -21"><span class='ocrx_word' id='word_1_120' title='bbox 228 1878 435 1943; x_wconf 86' lang='lat' dir='ltr'>scientiarum</span> <span class='ocrx_word' id='word_1_121' title='bbox 466 1877 624 1958; x_wconf 89' lang='lat' dir='ltr'>dominus,</span> <span class='ocrx_word' id='word_1_122' title='bbox 657 1877 713 1963; x_wconf 90' lang='lat' dir='ltr'>qui</span> <span class='ocrx_word' id='word_1_123' title='bbox 741 1885 772 1940; x_wconf 90' lang='lat' dir='ltr'>et</span> <span class='ocrx_word' id='word_1_124' title='bbox 800 1888 911 1962; x_wconf 90' lang='lat' dir='ltr'>pastor</span> <span class='ocrx_word' id='word_1_125' title='bbox 936 1878 1052 1960; x_wconf 90' lang='lat' dir='ltr'>bonus,</span> <span class='ocrx_word' id='word_1_126' title='bbox 1087 1878 1167 1941; x_wconf 91' lang='lat' dir='ltr'>dicit</span> <span class='ocrx_word' id='word_1_127' title='bbox 1195 1876 1344 1942; x_wconf 85' lang='lat' dir='ltr'>ecelesiae</span> 
     </span>
     <span class='ocr_line' id='line_1_18' title="bbox 67 1960 1346 2046; baseline -0.004 -20"><span class='ocrx_word' id='word_1_128' title='bbox 67 1962 430 2038; x_wconf 64' lang='lat' dir='ltr'>ustassadootoribus:</span> <span class='ocrx_word' id='word_1_129' title='bbox 464 1963 586 2026; x_wconf 84' lang='lat' dir='ltr'>Habete</span> <span class='ocrx_word' id='word_1_130' title='bbox 614 1963 652 2025; x_wconf 74' lang='lat' dir='ltr'>ta</span> <span class='ocrx_word' id='word_1_131' title='bbox 681 1961 771 2025; x_wconf 81' lang='lat' dir='ltr'>uobis</span> <span class='ocrx_word' id='word_1_132' title='bbox 799 1960 899 2026; x_wconf 73' lang='lat' dir='ltr'>saleru</span> <span class='ocrx_word' id='word_1_133' title='bbox 928 1972 957 2026; x_wconf 88' lang='lat' dir='ltr'>et</span> <span class='ocrx_word' id='word_1_134' title='bbox 983 1985 1098 2046; x_wconf 83' lang='lat' dir='ltr'>pacem</span> <span class='ocrx_word' id='word_1_135' title='bbox 1127 1961 1240 2026; x_wconf 74' lang='lat' dir='ltr'>habete</span> <span class='ocrx_word' id='word_1_136' title='bbox 1265 1963 1346 2025; x_wconf 84' lang='lat' dir='ltr'>iuter</span> 
     </span>
     <span class='ocr_line' id='line_1_19' title="bbox 228 2043 1345 2133; baseline -0.005 -21"><span class='ocrx_word' id='word_1_137' title='bbox 228 2070 301 2129; x_wconf 87' lang='lat' dir='ltr'>uos;</span> <span class='ocrx_word' id='word_1_138' title='bbox 324 2047 442 2111; x_wconf 80' lang='lat' dir='ltr'>bonum</span> <span class='ocrx_word' id='word_1_139' title='bbox 465 2056 519 2127; x_wconf 86' lang='lat' dir='ltr'>est,</span> <span class='ocrx_word' id='word_1_140' title='bbox 541 2045 654 2130; x_wconf 90' lang='lat' dir='ltr'>inquit,</span> <span class='ocrx_word' id='word_1_141' title='bbox 678 2045 739 2109; x_wconf 80' lang='lat' dir='ltr'>sat.</span> <span class='ocrx_word' id='word_1_142' title='bbox 781 2046 845 2109; x_wconf 92' lang='lat' dir='ltr'>Per</span> <span class='ocrx_word' id='word_1_143' title='bbox 867 2044 914 2109; x_wconf 89' lang='lat' dir='ltr'>sal</span> <span class='ocrx_word' id='word_1_144' title='bbox 935 2047 1056 2133; x_wconf 87' lang='lat' dir='ltr'>quippo</span> <span class='ocrx_word' id='word_1_145' title='bbox 1078 2046 1237 2132; x_wconf 88' lang='lat' dir='ltr'>sapientia</span> <span class='ocrx_word' id='word_1_146' title='bbox 1259 2043 1345 2109; x_wconf 89' lang='lat' dir='ltr'>verbi</span> 
     </span>
     <span class='ocr_line' id='line_1_20' title="bbox 228 2129 1345 2216; baseline -0.004 -21"><span class='ocrx_word' id='word_1_147' title='bbox 228 2132 427 2216; x_wconf 85' lang='lat' dir='ltr'>designatur,</span> <span class='ocrx_word' id='word_1_148' title='bbox 460 2151 524 2215; x_wconf 94' lang='lat' dir='ltr'>quo</span> <span class='ocrx_word' id='word_1_149' title='bbox 551 2150 670 2193; x_wconf 87' lang='lat' dir='ltr'>areana</span> <span class='ocrx_word' id='word_1_150' title='bbox 699 2130 804 2193; x_wconf 87' lang='lat' dir='ltr'>cordis</span> <span class='ocrx_word' id='word_1_151' title='bbox 832 2130 1034 2196; x_wconf 89' lang='lat' dir='ltr'>condiuntur.</span> <span class='ocrx_word' id='word_1_152' title='bbox 1079 2129 1156 2211; x_wconf 86' lang='lat' dir='ltr'>Sed,</span> <span class='ocrx_word' id='word_1_153' title='bbox 1190 2130 1277 2194; x_wconf 88' lang='lat' dir='ltr'>sicut</span> <span class='ocrx_word' id='word_1_154' title='bbox 1307 2129 1345 2191; x_wconf 86' lang='lat' dir='ltr'>sit</span> 
     </span>
    </p>
   </div>
   <div class='ocr_carea' id='block_1_4' title="bbox 68 2214 1346 2592">
    <p class='ocr_par' dir='ltr' id='par_1_4' title="bbox 68 2214 1346 2592">
     <span class='ocr_line' id='line_1_21' title="bbox 231 2214 1345 2297; baseline -0.001 -17"><span class='ocrx_word' id='word_1_155' title='bbox 231 2225 361 2280; x_wconf 87' lang='lat' dir='ltr'>sanctus</span> <span class='ocrx_word' id='word_1_156' title='bbox 390 2214 604 2297; x_wconf 85' lang='lat' dir='ltr'>Gregorius⁴:</span> <span class='ocrx_word' id='word_1_157' title='bbox 639 2227 689 2280; x_wconf 75' lang='lat' dir='ltr'>sat</span> <span class='ocrx_word' id='word_1_158' title='bbox 714 2227 772 2278; x_wconf 75' lang='lat' dir='ltr'>stae</span> <span class='ocrx_word' id='word_1_159' title='bbox 795 2246 864 2294; x_wconf 77' lang='lat' dir='ltr'>pace</span> <span class='ocrx_word' id='word_1_160' title='bbox 888 2246 942 2280; x_wconf 79' lang='lat' dir='ltr'>aaa</span> <span class='ocrx_word' id='word_1_161' title='bbox 967 2228 1071 2281; x_wconf 75' lang='lat' dir='ltr'>uirtutis</span> <span class='ocrx_word' id='word_1_162' title='bbox 1102 2238 1140 2281; x_wconf 80' lang='lat' dir='ltr'>eu</span> <span class='ocrx_word' id='word_1_163' title='bbox 1165 2229 1280 2292; x_wconf 67' lang='lat' dir='ltr'>donum,</span> <span class='ocrx_word' id='word_1_164' title='bbox 1304 2227 1345 2279; x_wconf 77' lang='lat' dir='ltr'>sed</span> 
     </span>
     <span class='ocr_line' id='line_1_22' title="bbox 74 2300 1345 2372; baseline -0.005 -14"><span class='ocrx_word' id='word_1_165' title='bbox 74 2323 95 2366; x_wconf 82' lang='grc' dir='ltr'>ι,</span> <span class='ocrx_word' id='word_1_166' title='bbox 106 2321 158 2365; x_wconf 70' lang='lat'>001,</span> <span class='ocrx_word' id='word_1_167' title='bbox 168 2322 189 2371; x_wconf 86' lang='lat' dir='ltr'>s,</span> <span class='ocrx_word' id='word_1_168' title='bbox 200 2323 219 2362; x_wconf 84' lang='lat'>1.</span> <span class='ocrx_word' id='word_1_169' title='bbox 230 2304 412 2357; x_wconf 78' lang='lat' dir='ltr'>damnationis</span> <span class='ocrx_word' id='word_1_170' title='bbox 442 2312 632 2372; x_wconf 63' lang='lat' dir='ltr'>oruamentum,</span> <span class='ocrx_word' id='word_1_171' title='bbox 662 2301 788 2367; x_wconf 81' lang='lat' dir='ltr'>quoniam</span> <span class='ocrx_word' id='word_1_172' title='bbox 811 2302 922 2354; x_wconf 80' lang='lat' dir='ltr'>seientia</span> <span class='ocrx_word' id='word_1_173' title='bbox 949 2303 1034 2368; x_wconf 81' lang='lat' dir='ltr'>inflat,</span> <span class='ocrx_word' id='word_1_174' title='bbox 1063 2302 1162 2354; x_wconf 78' lang='lat' dir='ltr'>caritas</span> <span class='ocrx_word' id='word_1_175' title='bbox 1187 2319 1250 2355; x_wconf 85' lang='lat' dir='ltr'>uero</span> <span class='ocrx_word' id='word_1_176' title='bbox 1279 2300 1345 2354; x_wconf 83' lang='lat' dir='ltr'>aedi-</span> 
     </span>
     <span class='ocr_line' id='line_1_23' title="bbox 223 2372 1345 2446; baseline -0.004 -17"><span class='ocrx_word' id='word_1_177' title='bbox 223 2381 301 2446; x_wconf 75' lang='lat' dir='ltr'>sieut.</span> <span class='ocrx_word' id='word_1_178' title='bbox 347 2379 420 2429; x_wconf 79' lang='lat' dir='ltr'>Unde</span> <span class='ocrx_word' id='word_1_179' title='bbox 445 2375 577 2428; x_wconf 81' lang='lat' dir='ltr'>Dominus</span> <span class='ocrx_word' id='word_1_180' title='bbox 602 2372 737 2441; x_wconf 61' lang='lat' dir='ltr'>subiungit</span> <span class='ocrx_word' id='word_1_181' title='bbox 763 2383 840 2441; x_wconf 80' lang='lat' dir='ltr'>atque</span> <span class='ocrx_word' id='word_1_182' title='bbox 864 2376 942 2427; x_wconf 82' lang='lat' dir='ltr'>dicit:</span> <span class='ocrx_word' id='word_1_183' title='bbox 970 2374 1058 2437; x_wconf 73' lang='lat' dir='ltr'>‘Quod</span> <span class='ocrx_word' id='word_1_184' title='bbox 1082 2377 1107 2427; x_wconf 86' lang='lat' dir='ltr'>si</span> <span class='ocrx_word' id='word_1_185' title='bbox 1125 2377 1168 2427; x_wconf 83' lang='lat' dir='ltr'>sal</span> <span class='ocrx_word' id='word_1_186' title='bbox 1185 2375 1345 2440; x_wconf 79' lang='lat' dir='ltr'>infatuatum</span> 
     </span>
     <span class='ocr_line' id='line_1_24' title="bbox 68 2447 1346 2519; baseline -0.004 -16"><span class='ocrx_word' id='word_1_187' title='bbox 68 2463 140 2505; x_wconf 81' lang='lat' dir='ltr'>Maro.</span> <span class='ocrx_word' id='word_1_188' title='bbox 152 2453 321 2519; x_wconf 78' lang='lat' dir='ltr'>9,49.suerit,</span> <span class='ocrx_word' id='word_1_189' title='bbox 339 2452 369 2501; x_wconf 80' lang='lat' dir='ltr'>ia</span> <span class='ocrx_word' id='word_1_190' title='bbox 387 2468 438 2516; x_wconf 80' lang='lat' dir='ltr'>qua</span> <span class='ocrx_word' id='word_1_191' title='bbox 458 2447 601 2501; x_wconf 49' lang='lat' dir='ltr'>salietur?</span> <span class='ocrx_word' id='word_1_192' title='bbox 631 2449 666 2498; x_wconf 84' lang='lat' dir='ltr'>Iu</span> <span class='ocrx_word' id='word_1_193' title='bbox 684 2465 735 2513; x_wconf 81' lang='lat' dir='ltr'>quo</span> <span class='ocrx_word' id='word_1_194' title='bbox 755 2448 852 2500; x_wconf 82' lang='lat' dir='ltr'>scilieet</span> <span class='ocrx_word' id='word_1_195' title='bbox 868 2466 961 2500; x_wconf 80' lang='lat' dir='ltr'>errans</span> <span class='ocrx_word' id='word_1_196' title='bbox 976 2450 1066 2500; x_wconf 80' lang='lat' dir='ltr'>doctor</span> <span class='ocrx_word' id='word_1_197' title='bbox 1081 2448 1234 2516; x_wconf 72' lang='lat' dir='ltr'>corripitur,</span> <span class='ocrx_word' id='word_1_198' title='bbox 1253 2449 1299 2514; x_wconf 83' lang='lat' dir='ltr'>qui</span> <span class='ocrx_word' id='word_1_199' title='bbox 1314 2447 1346 2498; x_wconf 86' lang='lat' dir='ltr'>ad</span> 
     </span>
     <span class='ocr_line' id='line_1_25' title="bbox 68 2520 1345 2592; baseline -0.003 -17"><span class='ocrx_word' id='word_1_200' title='bbox 68 2539 218 2592; x_wconf 63' lang='lat' dir='ltr'>usausps.</span> <span class='ocrx_word' id='word_1_201' title='bbox 231 2524 409 2591; x_wconf 82' lang='lat' dir='ltr'>auferendum</span> <span class='ocrx_word' id='word_1_202' title='bbox 429 2520 614 2573; x_wconf 73' lang='lat' dir='ltr'>constituitur?</span> <span class='ocrx_word' id='word_1_203' title='bbox 648 2521 762 2586; x_wconf 82' lang='lat' dir='ltr'>Ideoque</span> <span class='ocrx_word' id='word_1_204' title='bbox 781 2522 831 2573; x_wconf 79' lang='lat' dir='ltr'>ait:</span> <span class='ocrx_word' id='word_1_205' title='bbox 851 2523 903 2574; x_wconf 79' lang='lat' dir='ltr'>‘Aa</span> <span class='ocrx_word' id='word_1_206' title='bbox 921 2521 1036 2573; x_wconf 80' lang='lat' dir='ltr'>nibilum</span> <span class='ocrx_word' id='word_1_207' title='bbox 1056 2524 1126 2574; x_wconf 85' lang='lat' dir='ltr'>ualet</span> <span class='ocrx_word' id='word_1_208' title='bbox 1148 2524 1231 2586; x_wconf 84' lang='lat' dir='ltr'>ultra,</span> <span class='ocrx_word' id='word_1_209' title='bbox 1251 2520 1303 2573; x_wconf 78' lang='lat' dir='ltr'>atsi</span> <span class='ocrx_word' id='word_1_210' title='bbox 1320 2529 1345 2571; x_wconf 89' lang='lat' dir='ltr'>ut</span> 
     </span>
    </p>
   </div>
   <div class='ocr_carea' id='block_1_5' title="bbox 229 2588 1345 2739">
    <p class='ocr_par' dir='ltr' id='par_1_5' title="bbox 229 2588 1345 2739">
     <span class='ocr_line' id='line_1_26' title="bbox 230 2588 1345 2676; baseline -0.007 -18"><span class='ocrx_word' id='word_1_211' title='bbox 230 2606 351 2658; x_wconf 79' lang='lat' dir='ltr'>mittatur</span> <span class='ocrx_word' id='word_1_212' title='bbox 366 2608 457 2672; x_wconf 84' lang='lat' dir='ltr'>saras,</span> <span class='ocrx_word' id='word_1_213' title='bbox 483 2614 506 2655; x_wconf 88' lang='lat' dir='ltr'>et</span> <span class='ocrx_word' id='word_1_214' title='bbox 531 2605 695 2655; x_wconf 77' lang='lat' dir='ltr'>corzeutaetur</span> <span class='ocrx_word' id='word_1_215' title='bbox 721 2604 753 2654; x_wconf 80' lang='lat' dir='ltr'>ab</span> <span class='ocrx_word' id='word_1_216' title='bbox 778 2603 943 2666; x_wconf 63' lang='lat' dir='ltr'>homiuibus,</span> <span class='ocrx_word' id='word_1_217' title='bbox 980 2590 1078 2655; x_wconf 77' lang='lat' dir='ltr'>quta</span> <span class='ocrx_word' id='word_1_218' title='bbox 1107 2589 1195 2676; x_wconf 83' lang='lat' dir='ltr'>quod</span> <span class='ocrx_word' id='word_1_219' title='bbox 1222 2588 1345 2653; x_wconf 81' lang='lat' dir='ltr'>manda·</span> 
     </span>
     <span class='ocr_line' id='line_1_27' title="bbox 229 2671 1344 2739; baseline -0.002 -2"><span class='ocrx_word' id='word_1_220' title='bbox 229 2684 298 2738; x_wconf 90' lang='lat' dir='ltr'>tum</span> <span class='ocrx_word' id='word_1_221' title='bbox 327 2674 461 2737; x_wconf 89' lang='lat' dir='ltr'>Domini</span> <span class='ocrx_word' id='word_1_222' title='bbox 494 2671 610 2734; x_wconf 90' lang='lat' dir='ltr'>missus</span> <span class='ocrx_word' id='word_1_223' title='bbox 644 2681 691 2735; x_wconf 88' lang='lat' dir='ltr'>est</span> <span class='ocrx_word' id='word_1_224' title='bbox 722 2671 818 2735; x_wconf 88' lang='lat' dir='ltr'>etiarn</span> <span class='ocrx_word' id='word_1_225' title='bbox 850 2681 941 2736; x_wconf 87' lang='lat' dir='ltr'>extra</span> <span class='ocrx_word' id='word_1_226' title='bbox 973 2673 1142 2739; x_wconf 87' lang='lat' dir='ltr'>ecclesiam</span> <span class='ocrx_word' id='word_1_227' title='bbox 1175 2674 1344 2739; x_wconf 85' lang='lat' dir='ltr'>infatuatus</span> 
     </span>
    </p>
   </div>
   <div class='ocr_carea' id='block_1_6' title="bbox 228 2754 1345 3074">
    <p class='ocr_par' dir='ltr' id='par_1_6' title="bbox 228 2754 1345 3074">
     <span class='ocr_line' id='line_1_28' title="bbox 230 2754 1344 2843; baseline 0.003 -23"><span class='ocrx_word' id='word_1_228' title='bbox 230 2757 283 2821; x_wconf 91' lang='lat' dir='ltr'>ille</span> <span class='ocrx_word' id='word_1_229' title='bbox 306 2757 417 2821; x_wconf 85' lang='lat' dir='ltr'>doctor</span> <span class='ocrx_word' id='word_1_230' title='bbox 434 2754 654 2831; x_wconf 82' lang='lat' dir='ltr'>Gebehardus,</span> <span class='ocrx_word' id='word_1_231' title='bbox 678 2755 807 2841; x_wconf 90' lang='lat' dir='ltr'>quando</span> <span class='ocrx_word' id='word_1_232' title='bbox 828 2758 861 2819; x_wconf 92' lang='lat' dir='ltr'>in</span> <span class='ocrx_word' id='word_1_233' title='bbox 877 2758 1062 2843; x_wconf 86' lang='lat' dir='ltr'>supradicta</span> <span class='ocrx_word' id='word_1_234' title='bbox 1076 2759 1202 2843; x_wconf 91' lang='lat' dir='ltr'>synodo</span> <span class='ocrx_word' id='word_1_235' title='bbox 1217 2759 1344 2843; x_wconf 82' lang='lat' dir='ltr'>Mogun-</span> 
     </span>
     <span class='ocr_line' id='line_1_29' title="bbox 229 2840 1343 2929; baseline -0.001 -23"><span class='ocrx_word' id='word_1_236' title='bbox 229 2841 365 2906; x_wconf 89' lang='lat' dir='ltr'>tiaoensi</span> <span class='ocrx_word' id='word_1_237' title='bbox 394 2840 627 2904; x_wconf 88' lang='lat' dir='ltr'>condemnatus</span> <span class='ocrx_word' id='word_1_238' title='bbox 655 2850 704 2903; x_wconf 89' lang='lat' dir='ltr'>est</span> <span class='ocrx_word' id='word_1_239' title='bbox 732 2850 829 2924; x_wconf 91' lang='lat' dir='ltr'>atque</span> <span class='ocrx_word' id='word_1_240' title='bbox 860 2840 1036 2926; x_wconf 90' lang='lat' dir='ltr'>depositus,</span> <span class='ocrx_word' id='word_1_241' title='bbox 1059 2864 1132 2906; x_wconf 90' lang='lat' dir='ltr'>cum</span> <span class='ocrx_word' id='word_1_242' title='bbox 1155 2843 1227 2928; x_wconf 90' lang='lat' dir='ltr'>ipse</span> <span class='ocrx_word' id='word_1_243' title='bbox 1249 2844 1343 2929; x_wconf 89' lang='lat' dir='ltr'>prius,</span> 
     </span>
     <span class='ocr_line' id='line_1_30' title="bbox 230 2922 1345 3074; baseline -0.001 -83"><span class='ocrx_word' id='word_1_244' title='bbox 230 2934 339 3074; x_wconf 66' lang='lat' dir='ltr'>utpote</span> <span class='ocrx_word' id='word_1_245' title='bbox 368 2925 521 2990; x_wconf 88' lang='lat' dir='ltr'>recedens</span> <span class='ocrx_word' id='word_1_246' title='bbox 549 2923 590 2990; x_wconf 91' lang='lat' dir='ltr'>ab</span> <span class='ocrx_word' id='word_1_247' title='bbox 620 2924 742 2988; x_wconf 90' lang='lat' dir='ltr'>unitate</span> <span class='ocrx_word' id='word_1_248' title='bbox 770 2922 945 2990; x_wconf 87' lang='lat' dir='ltr'>catholicae</span> <span class='ocrx_word' id='word_1_249' title='bbox 967 2926 1132 3010; x_wconf 87' lang='lat' dir='ltr'>ecclesiae,</span> <span class='ocrx_word' id='word_1_250' title='bbox 1154 2930 1288 3014; x_wconf 88' lang='lat' dir='ltr'>proprio</span> <span class='ocrx_word' id='word_1_251' title='bbox 1309 2926 1345 2991; x_wconf 88' lang='lat' dir='ltr'>sit</span> 
     </span>
     <span class='ocr_line' id='line_1_31' title="bbox 228 3009 613 3074; baseline -0.008 0"><span class='ocrx_word' id='word_1_252' title='bbox 228 3013 262 3074; x_wconf 88' lang='lat' dir='ltr'>iu</span> <span class='ocrx_word' id='word_1_253' title='bbox 286 3011 349 3074; x_wconf 87' lang='lat' dir='ltr'>icio</span> <span class='ocrx_word' id='word_1_254' title='bbox 372 3009 613 3074; x_wconf 85' lang='lat' dir='ltr'>condemnatus.</span> 
     </span>
    </p>
   </div>
   <div class='ocr_carea' id='block_1_7' title="bbox 229 3206 877 3263">
    <p class='ocr_par' dir='ltr' id='par_1_7' title="bbox 229 3206 877 3263">
     <span class='ocr_line' id='line_1_32' title="bbox 229 3206 877 3263; baseline -0.002 -12"><span class='ocrx_word' id='word_1_255' title='bbox 229 3207 251 3263; x_wconf 84' lang='lat' dir='ltr'>a)</span> <span class='ocrx_word' id='word_1_256' title='bbox 267 3221 359 3252; x_wconf 84' lang='lat' dir='ltr'>suarum</span> <span class='ocrx_word' id='word_1_257' title='bbox 376 3209 508 3262; x_wconf 80' lang='lat' dir='ltr'>1;Setard.</span> <span class='ocrx_word' id='word_1_258' title='bbox 525 3208 650 3250; x_wconf 77' lang='lat' dir='ltr'>emendavit.</span> <span class='ocrx_word' id='word_1_259' title='bbox 711 3206 735 3260; x_wconf 92' lang='lat' dir='ltr'>b)</span> <span class='ocrx_word' id='word_1_260' title='bbox 752 3208 838 3251; x_wconf 80' lang='lat' dir='ltr'>Saltzb.</span> <span class='ocrx_word' id='word_1_261' title='bbox 855 3213 877 3250; x_wconf 88' lang='lat'>1.</span> 
     </span>
    </p>
   </div>
   <div class='ocr_carea' id='block_1_8' title="bbox 224 3367 1346 4394">
    <p class='ocr_par' dir='ltr' id='par_1_8' title="bbox 224 3367 1346 4394">
     <span class='ocr_line' id='line_1_33' title="bbox 229 3367 1345 3438; baseline 0.006 -20"><span class='ocrx_word' id='word_1_262' title='bbox 229 3369 293 3434; x_wconf 79' lang='lat' dir='ltr'>quia</span> <span class='ocrx_word' id='word_1_263' title='bbox 319 3376 381 3420; x_wconf 85' lang='lat' dir='ltr'>tuuc</span> <span class='ocrx_word' id='word_1_264' title='bbox 408 3367 507 3420; x_wconf 77' lang='lat' dir='ltr'>accisus</span> <span class='ocrx_word' id='word_1_265' title='bbox 534 3375 571 3420; x_wconf 85' lang='lat' dir='ltr'>est</span> <span class='ocrx_word' id='word_1_266' title='bbox 588 3369 632 3419; x_wconf 79' lang='lat' dir='ltr'>ille</span> <span class='ocrx_word' id='word_1_267' title='bbox 656 3368 816 3420; x_wconf 82' lang='lat' dir='ltr'>Bureardus</span> <span class='ocrx_word' id='word_1_268' title='bbox 840 3368 1067 3423; x_wconf 77' lang='lat' dir='ltr'>Halterstateusis</span> <span class='ocrx_word' id='word_1_269' title='bbox 1091 3372 1230 3438; x_wconf 78' lang='lat' dir='ltr'>episcopus</span> <span class='ocrx_word' id='word_1_270' title='bbox 1255 3392 1272 3425; x_wconf 90' lang='lat' dir='ltr'>a</span> <span class='ocrx_word' id='word_1_271' title='bbox 1295 3371 1345 3425; x_wconf 82' lang='lat' dir='ltr'>suis</span> 
     </span>
     <span class='ocr_line' id='line_1_34' title="bbox 224 3441 1345 3514; baseline 0.006 -22"><span class='ocrx_word' id='word_1_272' title='bbox 224 3441 403 3508; x_wconf 79' lang='lat' dir='ltr'>popularibus</span> <span class='ocrx_word' id='word_1_273' title='bbox 410 3479 418 3506; x_wconf 95' lang='lat'>,</span> <span class='ocrx_word' id='word_1_274' title='bbox 443 3459 499 3493; x_wconf 81' lang='lat' dir='ltr'>aaa</span> <span class='ocrx_word' id='word_1_275' title='bbox 526 3441 556 3493; x_wconf 83' lang='lat' dir='ltr'>id</span> <span class='ocrx_word' id='word_1_276' title='bbox 584 3447 676 3508; x_wconf 73' lang='lat' dir='ltr'>aqeate</span> <span class='ocrx_word' id='word_1_277' title='bbox 703 3442 867 3506; x_wconf 81' lang='lat' dir='ltr'>marodioue,</span> <span class='ocrx_word' id='word_1_278' title='bbox 898 3444 946 3495; x_wconf 87' lang='lat' dir='ltr'>sed</span> <span class='ocrx_word' id='word_1_279' title='bbox 974 3451 1061 3496; x_wconf 84' lang='lat' dir='ltr'>tamea</span> <span class='ocrx_word' id='word_1_280' title='bbox 1089 3445 1136 3496; x_wconf 75' lang='lat' dir='ltr'>hoc</span> <span class='ocrx_word' id='word_1_281' title='bbox 1156 3447 1266 3510; x_wconf 82' lang='lat' dir='ltr'>suetum</span> <span class='ocrx_word' id='word_1_282' title='bbox 1293 3449 1345 3514; x_wconf 83' lang='lat' dir='ltr'>ipso</span> 
     </span>
     <span class='ocr_line' id='line_1_35' title="bbox 230 3515 1345 3586; baseline 0.005 -21"><span class='ocrx_word' id='word_1_283' title='bbox 230 3517 403 3582; x_wconf 80' lang='lat' dir='ltr'>approbante.</span> <span class='ocrx_word' id='word_1_284' title='bbox 444 3515 486 3566; x_wconf 84' lang='lat' dir='ltr'>cf.</span> <span class='ocrx_word' id='word_1_285' title='bbox 515 3515 586 3566; x_wconf 79' lang='lat' dir='ltr'>Ann.</span> <span class='ocrx_word' id='word_1_286' title='bbox 610 3515 671 3566; x_wconf 84' lang='lat' dir='ltr'>Sax.</span> <span class='ocrx_word' id='word_1_287' title='bbox 699 3516 718 3566; x_wconf 87' lang='grc'>1.</span> <span class='ocrx_word' id='word_1_288' title='bbox 740 3533 762 3568; x_wconf 90' lang='lat' dir='ltr'>a.</span> <span class='ocrx_word' id='word_1_289' title='bbox 791 3534 817 3582; x_wconf 89' lang='lat' dir='ltr'>p.</span> <span class='ocrx_word' id='word_1_290' title='bbox 843 3517 997 3582; x_wconf 69' lang='lat' dir='ltr'>une-⁷26,</span> <span class='ocrx_word' id='word_1_291' title='bbox 1023 3518 1067 3570; x_wconf 87' lang='lat' dir='ltr'>vel</span> <span class='ocrx_word' id='word_1_292' title='bbox 1096 3521 1186 3586; x_wconf 90' lang='lat' dir='ltr'>potius</span> <span class='ocrx_word' id='word_1_293' title='bbox 1215 3522 1345 3573; x_wconf 74' lang='lat' dir='ltr'>Horrendi</span> 
     </span>
     <span class='ocr_line' id='line_1_36' title="bbox 229 3587 1345 3660; baseline 0.005 -21"><span class='ocrx_word' id='word_1_294' title='bbox 229 3590 386 3640; x_wconf 86' lang='lat' dir='ltr'>Passionem</span> <span class='ocrx_word' id='word_1_295' title='bbox 412 3587 545 3639; x_wconf 84' lang='lat' dir='ltr'>Burcardi</span> <span class='ocrx_word' id='word_1_296' title='bbox 571 3589 599 3637; x_wconf 92' lang='lat' dir='ltr'>in</span> <span class='ocrx_word' id='word_1_297' title='bbox 618 3588 812 3655; x_wconf 78' lang='lat' dir='ltr'>Winnigstadii</span> <span class='ocrx_word' id='word_1_298' title='bbox 837 3589 935 3641; x_wconf 83' lang='lat' dir='ltr'>Obron.</span> <span class='ocrx_word' id='word_1_299' title='bbox 961 3592 1098 3644; x_wconf 85' lang='lat' dir='ltr'>Halberst.</span> <span class='ocrx_word' id='word_1_300' title='bbox 1125 3593 1217 3660; x_wconf 76' lang='lat' dir='ltr'>(Abel,</span> <span class='ocrx_word' id='word_1_301' title='bbox 1239 3594 1345 3647; x_wconf 86' lang='lat' dir='ltr'>‘Samm-</span> 
     </span>
     <span class='ocr_line' id='line_1_37' title="bbox 228 3660 1345 3730; baseline 0.004 -18"><span class='ocrx_word' id='word_1_302' title='bbox 228 3662 295 3727; x_wconf 85' lang='lat' dir='ltr'>inng</span> <span class='ocrx_word' id='word_1_303' title='bbox 321 3663 389 3713; x_wconf 83' lang='lat' dir='ltr'>alter</span> <span class='ocrx_word' id='word_1_304' title='bbox 413 3660 575 3712; x_wconf 85' lang='lat' dir='ltr'>Chroniken’</span> <span class='ocrx_word' id='word_1_305' title='bbox 595 3680 620 3727; x_wconf 89' lang='lat' dir='ltr'>p.</span> <span class='ocrx_word' id='word_1_306' title='bbox 642 3661 808 3727; x_wconf 72' lang='lat' dir='ltr'>asa-294),</span> <span class='ocrx_word' id='word_1_307' title='bbox 828 3680 897 3730; x_wconf 86' lang='lat' dir='ltr'>quae</span> <span class='ocrx_word' id='word_1_308' title='bbox 922 3665 950 3715; x_wconf 94' lang='lat' dir='ltr'>in</span> <span class='ocrx_word' id='word_1_309' title='bbox 974 3666 1042 3719; x_wconf 74' lang='lat' dir='ltr'>dnn.</span> <span class='ocrx_word' id='word_1_310' title='bbox 1066 3667 1129 3718; x_wconf 78' lang='lat' dir='ltr'>Sex.</span> <span class='ocrx_word' id='word_1_311' title='bbox 1149 3667 1282 3719; x_wconf 83' lang='lat' dir='ltr'>translata</span> <span class='ocrx_word' id='word_1_312' title='bbox 1299 3673 1345 3720; x_wconf 88' lang='lat' dir='ltr'>est.</span> 
     </span>
     <span class='ocr_line' id='line_1_38' title="bbox 231 3735 1344 3809; baseline 0.011 -26"><span class='ocrx_word' id='word_1_313' title='bbox 231 3737 258 3799; x_wconf 87' lang='lat'>1)</span> <span class='ocrx_word' id='word_1_314' title='bbox 279 3751 303 3787; x_wconf 84' lang='lat' dir='ltr'>a.</span> <span class='ocrx_word' id='word_1_315' title='bbox 321 3735 401 3786; x_wconf 84' lang='lat'>1088.</span> <span class='ocrx_word' id='word_1_316' title='bbox 423 3735 619 3785; x_wconf 90' lang='lat' dir='ltr'>emendandum</span> <span class='ocrx_word' id='word_1_317' title='bbox 640 3742 689 3799; x_wconf 87' lang='lat' dir='ltr'>est,</span> <span class='ocrx_word' id='word_1_318' title='bbox 709 3743 739 3788; x_wconf 90' lang='lat' dir='ltr'>nt</span> <span class='ocrx_word' id='word_1_319' title='bbox 758 3737 827 3788; x_wconf 84' lang='lat' dir='ltr'>Ano.</span> <span class='ocrx_word' id='word_1_320' title='bbox 849 3738 921 3798; x_wconf 71' lang='lat' dir='ltr'>San,</span> <span class='ocrx_word' id='word_1_321' title='bbox 941 3741 1005 3805; x_wconf 87' lang='lat' dir='ltr'>qnia</span> <span class='ocrx_word' id='word_1_322' title='bbox 1029 3755 1053 3790; x_wconf 85' lang='lat' dir='ltr'>a.</span> <span class='ocrx_word' id='word_1_323' title='bbox 1076 3739 1155 3802; x_wconf 89' lang='grc'><strong>1087,</strong></span> <span class='ocrx_word' id='word_1_324' title='bbox 1174 3741 1245 3794; x_wconf 87' lang='lat' dir='ltr'>Non.</span> <span class='ocrx_word' id='word_1_325' title='bbox 1265 3741 1344 3809; x_wconf 84' lang='lat' dir='ltr'>April.</span> 
     </span>
     <span class='ocr_line' id='line_1_39' title="bbox 231 3807 1346 3882; baseline 0.007 -25"><span class='ocrx_word' id='word_1_326' title='bbox 231 3807 288 3859; x_wconf 88' lang='lat' dir='ltr'>dies</span> <span class='ocrx_word' id='word_1_327' title='bbox 308 3815 420 3859; x_wconf 82' lang='lat' dir='ltr'>octavus</span> <span class='ocrx_word' id='word_1_328' title='bbox 439 3814 500 3874; x_wconf 88' lang='lat' dir='ltr'>post</span> <span class='ocrx_word' id='word_1_329' title='bbox 521 3809 630 3874; x_wconf 87' lang='lat' dir='ltr'>pascha,</span> <span class='ocrx_word' id='word_1_330' title='bbox 655 3825 707 3861; x_wconf 85' lang='lat' dir='ltr'>noo</span> <span class='ocrx_word' id='word_1_331' title='bbox 725 3817 816 3862; x_wconf 89' lang='lat' dir='ltr'>tamen</span> <span class='ocrx_word' id='word_1_332' title='bbox 836 3818 932 3877; x_wconf 85' lang='lat' dir='ltr'>quarta</span> <span class='ocrx_word' id='word_1_333' title='bbox 950 3813 1019 3863; x_wconf 83' lang='lat' dir='ltr'>feria</span> <span class='ocrx_word' id='word_1_334' title='bbox 1039 3814 1191 3865; x_wconf 85' lang='lat' dir='ltr'>dominicas</span> <span class='ocrx_word' id='word_1_335' title='bbox 1217 3817 1346 3882; x_wconf 86' lang='lat' dir='ltr'>passionis</span> 
     </span>
     <span class='ocr_line' id='line_1_40' title="bbox 230 3880 1346 3953; baseline 0.005 -21"><span class='ocrx_word' id='word_1_336' title='bbox 230 3886 299 3932; x_wconf 90' lang='lat' dir='ltr'>sunt.</span> <span class='ocrx_word' id='word_1_337' title='bbox 337 3881 407 3932; x_wconf 89' lang='lat' dir='ltr'>Item</span> <span class='ocrx_word' id='word_1_338' title='bbox 432 3880 504 3947; x_wconf 88' lang='lat' dir='ltr'>apud</span> <span class='ocrx_word' id='word_1_339' title='bbox 523 3880 592 3935; x_wconf 76' lang='lat' dir='ltr'>Ano.</span> <span class='ocrx_word' id='word_1_340' title='bbox 613 3883 675 3933; x_wconf 82' lang='lat' dir='ltr'>Sex.</span> <span class='ocrx_word' id='word_1_341' title='bbox 700 3885 784 3935; x_wconf 87' lang='lat' dir='ltr'>verba</span> <span class='ocrx_word' id='word_1_342' title='bbox 800 3883 844 3936; x_wconf 78' lang='lat' dir='ltr'>die</span> <span class='ocrx_word' id='word_1_343' title='bbox 865 3887 888 3936; x_wconf 81' lang='lat'>7.</span> <span class='ocrx_word' id='word_1_344' title='bbox 908 3885 1009 3937; x_wconf 85' lang='lat' dir='ltr'>Iduum</span> <span class='ocrx_word' id='word_1_345' title='bbox 1026 3884 1160 3953; x_wconf 68' lang='lat' dir='ltr'>Aprilium</span> <span class='ocrx_word' id='word_1_346' title='bbox 1180 3888 1346 3940; x_wconf 84' lang='lat' dir='ltr'>emendanda</span> 
     </span>
     <span class='ocr_line' id='line_1_41' title="bbox 230 3951 1344 4029; baseline 0.007 -24"><span class='ocrx_word' id='word_1_347' title='bbox 230 3960 291 4005; x_wconf 88' lang='lat' dir='ltr'>sunt</span> <span class='ocrx_word' id='word_1_348' title='bbox 309 3955 352 4004; x_wconf 80' lang='lat' dir='ltr'>int</span> <span class='ocrx_word' id='word_1_349' title='bbox 371 3951 415 4005; x_wconf 80' lang='lat' dir='ltr'>die</span> <span class='ocrx_word' id='word_1_350' title='bbox 428 3953 453 4017; x_wconf 90' lang='lat'>8,</span> <span class='ocrx_word' id='word_1_351' title='bbox 473 3956 537 4020; x_wconf 87' lang='lat' dir='ltr'>quia</span> <span class='ocrx_word' id='word_1_352' title='bbox 555 3957 648 4022; x_wconf 88' lang='lat' dir='ltr'>quinta</span> <span class='ocrx_word' id='word_1_353' title='bbox 660 3957 728 4008; x_wconf 85' lang='lat' dir='ltr'>feria</span> <span class='ocrx_word' id='word_1_354' title='bbox 746 3956 818 4008; x_wconf 88' lang='lat' dir='ltr'>illius</span> <span class='ocrx_word' id='word_1_355' title='bbox 832 3959 1010 4011; x_wconf 86' lang='lat' dir='ltr'>hebdomadis</span> <span class='ocrx_word' id='word_1_356' title='bbox 1030 3959 1264 4029; x_wconf 82' lang='lat' dir='ltr'>dies8.1d.Apr.</span> <span class='ocrx_word' id='word_1_357' title='bbox 1284 3968 1344 4014; x_wconf 85' lang='lat' dir='ltr'>orat.</span> 
     </span>
     <span class='ocr_line' id='line_1_42' title="bbox 230 4027 1344 4100; baseline 0.01 -23"><span class='ocrx_word' id='word_1_358' title='bbox 230 4028 303 4092; x_wconf 80' lang='lat' dir='ltr'>Ergo</span> <span class='ocrx_word' id='word_1_359' title='bbox 324 4027 476 4079; x_wconf 83' lang='lat' dir='ltr'>Buroardus</span> <span class='ocrx_word' id='word_1_360' title='bbox 495 4029 642 4080; x_wconf 87' lang='lat' dir='ltr'>seeundum</span> <span class='ocrx_word' id='word_1_361' title='bbox 656 4031 833 4081; x_wconf 88' lang='lat' dir='ltr'>Waltramnm</span> <span class='ocrx_word' id='word_1_362' title='bbox 859 4032 903 4082; x_wconf 87' lang='lat' dir='ltr'>die</span> <span class='ocrx_word' id='word_1_363' title='bbox 924 4034 949 4085; x_wconf 82' lang='lat'>5.</span> <span class='ocrx_word' id='word_1_364' title='bbox 969 4034 1044 4100; x_wconf 73' lang='lat' dir='ltr'>Apu,</span> <span class='ocrx_word' id='word_1_365' title='bbox 1062 4035 1129 4084; x_wconf 86' lang='lat' dir='ltr'>feris</span> <span class='ocrx_word' id='word_1_366' title='bbox 1148 4035 1175 4100; x_wconf 86' lang='lat'>4,</span> <span class='ocrx_word' id='word_1_367' title='bbox 1200 4038 1344 4087; x_wconf 84' lang='lat' dir='ltr'>secundum</span> 
     </span>
     <span class='ocr_line' id='line_1_43' title="bbox 229 4100 1344 4172; baseline 0.009 -22"><span class='ocrx_word' id='word_1_368' title='bbox 229 4101 297 4150; x_wconf 78' lang='lat' dir='ltr'>Ann.</span> <span class='ocrx_word' id='word_1_369' title='bbox 319 4100 382 4152; x_wconf 78' lang='lat' dir='ltr'>Sex.</span> <span class='ocrx_word' id='word_1_370' title='bbox 407 4102 451 4152; x_wconf 86' lang='lat' dir='ltr'>dio</span> <span class='ocrx_word' id='word_1_371' title='bbox 472 4101 496 4153; x_wconf 84' lang='lat'>6.</span> <span class='ocrx_word' id='word_1_372' title='bbox 518 4103 593 4170; x_wconf 66' lang='lat' dir='ltr'>Apu,</span> <span class='ocrx_word' id='word_1_373' title='bbox 615 4104 684 4154; x_wconf 87' lang='lat' dir='ltr'>feria</span> <span class='ocrx_word' id='word_1_374' title='bbox 706 4106 737 4167; x_wconf 81' lang='lat'>53</span> <span class='ocrx_word' id='word_1_375' title='bbox 758 4121 782 4156; x_wconf 87' lang='lat' dir='ltr'>v.</span> <span class='ocrx_word' id='word_1_376' title='bbox 802 4105 906 4169; x_wconf 85' lang='lat' dir='ltr'>Delius,</span> <span class='ocrx_word' id='word_1_377' title='bbox 931 4108 960 4156; x_wconf 90' lang='lat' dir='ltr'>in</span> <span class='ocrx_word' id='word_1_378' title='bbox 979 4125 1005 4158; x_wconf 89' lang='lat' dir='ltr'>v.</span> <span class='ocrx_word' id='word_1_379' title='bbox 1025 4107 1160 4171; x_wconf 85' lang='lat' dir='ltr'>Lodsbnr,</span> <span class='ocrx_word' id='word_1_380' title='bbox 1181 4106 1297 4161; x_wconf 82' lang='lat' dir='ltr'>‘Archiv&#39;</span> <span class='ocrx_word' id='word_1_381' title='bbox 1315 4110 1344 4172; x_wconf 92' lang='lat' dir='ltr'>V,</span> 
     </span>
     <span class='ocr_line' id='line_1_44' title="bbox 229 4173 1344 4251; baseline 0.011 -29"><span class='ocrx_word' id='word_1_382' title='bbox 229 4190 255 4239; x_wconf 83' lang='lat' dir='ltr'>p.</span> <span class='ocrx_word' id='word_1_383' title='bbox 276 4173 310 4222; x_wconf 82' lang='lat'>45</span> <span class='ocrx_word' id='word_1_384' title='bbox 325 4191 384 4241; x_wconf 89' lang='lat' dir='ltr'>sqq.</span> <span class='ocrx_word' id='word_1_385' title='bbox 459 4173 488 4240; x_wconf 76' lang='grc'>2)</span> <span class='ocrx_word' id='word_1_386' title='bbox 505 4176 546 4230; x_wconf 80' lang='lat' dir='ltr'>Of.</span> <span class='ocrx_word' id='word_1_387' title='bbox 567 4178 646 4229; x_wconf 87' lang='lat' dir='ltr'>Bern.</span> <span class='ocrx_word' id='word_1_388' title='bbox 665 4195 692 4244; x_wconf 90' lang='lat' dir='ltr'>p.</span> <span class='ocrx_word' id='word_1_389' title='bbox 711 4177 774 4230; x_wconf 85' lang='grc'>448.</span> <span class='ocrx_word' id='word_1_390' title='bbox 848 4179 876 4245; x_wconf 87' lang='grc'>3)</span> <span class='ocrx_word' id='word_1_391' title='bbox 903 4180 981 4231; x_wconf 84' lang='lat' dir='ltr'>Haeo</span> <span class='ocrx_word' id='word_1_392' title='bbox 1010 4185 1134 4248; x_wconf 82' lang='lat' dir='ltr'>quattuor</span> <span class='ocrx_word' id='word_1_393' title='bbox 1158 4183 1243 4235; x_wconf 86' lang='lat' dir='ltr'>verba</span> <span class='ocrx_word' id='word_1_394' title='bbox 1260 4188 1344 4251; x_wconf 82' lang='lat' dir='ltr'>poste·</span> 
     </span>
     <span class='ocr_line' id='line_1_45' title="bbox 228 4247 1343 4322; baseline 0.008 -25"><span class='ocrx_word' id='word_1_395' title='bbox 228 4247 343 4299; x_wconf 88' lang='lat' dir='ltr'>rioribus</span> <span class='ocrx_word' id='word_1_396' title='bbox 362 4250 525 4314; x_wconf 87' lang='lat' dir='ltr'>temporibus</span> <span class='ocrx_word' id='word_1_397' title='bbox 550 4251 657 4301; x_wconf 86' lang='lat' dir='ltr'>adiecta</span> <span class='ocrx_word' id='word_1_398' title='bbox 682 4266 750 4314; x_wconf 87' lang='lat' dir='ltr'>esse,</span> <span class='ocrx_word' id='word_1_399' title='bbox 771 4258 864 4304; x_wconf 82' lang='lat' dir='ltr'>conset</span> <span class='ocrx_word' id='word_1_400' title='bbox 887 4255 1004 4319; x_wconf 78' lang='lat' dir='ltr'>Berger3</span> <span class='ocrx_word' id='word_1_401' title='bbox 1034 4260 1061 4305; x_wconf 86' lang='lat' dir='ltr'>at</span> <span class='ocrx_word' id='word_1_402' title='bbox 1087 4272 1102 4306; x_wconf 88' lang='lat' dir='ltr'>e</span> <span class='ocrx_word' id='word_1_403' title='bbox 1127 4257 1232 4322; x_wconf 89' lang='lat' dir='ltr'>psalmo</span> <span class='ocrx_word' id='word_1_404' title='bbox 1261 4257 1301 4319; x_wconf 80' lang='lat'>78,</span> <span class='ocrx_word' id='word_1_405' title='bbox 1319 4257 1343 4307; x_wconf 79' lang='lat'>3.</span> 
     </span>
     <span class='ocr_line' id='line_1_46' title="bbox 230 4320 996 4394; baseline 0.009 -24"><span class='ocrx_word' id='word_1_406' title='bbox 230 4320 371 4388; x_wconf 84' lang='lat' dir='ltr'>desumpta</span> <span class='ocrx_word' id='word_1_407' title='bbox 401 4328 471 4374; x_wconf 87' lang='lat' dir='ltr'>sunt.</span> <span class='ocrx_word' id='word_1_408' title='bbox 544 4322 575 4391; x_wconf 82' lang='lat'>4)</span> <span class='ocrx_word' id='word_1_409' title='bbox 595 4325 719 4390; x_wconf 82' lang='lat' dir='ltr'>Gregorii</span> <span class='ocrx_word' id='word_1_410' title='bbox 739 4326 829 4393; x_wconf 85' lang='lat' dir='ltr'>Opera</span> <span class='ocrx_word' id='word_1_411' title='bbox 847 4326 886 4390; x_wconf 89' lang='lat'>11,</span> <span class='ocrx_word' id='word_1_412' title='bbox 905 4345 932 4394; x_wconf 89' lang='lat' dir='ltr'>p.</span> <span class='ocrx_word' id='word_1_413' title='bbox 951 4327 996 4377; x_wconf 84' lang='grc'>68.</span> 
     </span>
    </p>
   </div>
   <div class='ocr_carea' id='block_1_9' title="bbox 0 0 1416 4830">
    <p class='ocr_par' dir='ltr' id='par_1_9' title="bbox 0 0 1416 4830">
     <span class='ocr_line' id='line_1_47' title="bbox 0 0 1416 4830; baseline 0 0"><span class='ocrx_word' id='word_1_414' title='bbox 0 0 1416 4830; x_wconf 95' lang='lat' dir='ltr'> </span> 
     </span>
    </p>
   </div>
  </div>
 </body>
</html>
