2812 4830
212 372 263 422 102
401 373 450 422 DE
471 371 630 424 UNITATE
650 370 855 423 EOCLESIAE
877 370 1155 423 consulturum.

209 544 320 627 mipro
342 544 378 605 in
394 549 531 606 montem
552 541 635 603 sicut
652 540 792 624 passer?
814 539 847 603 id
869 547 918 603 est
937 539 1021 602 sicut
1042 537 1193 622 prudens.
1227 535 1327 600 Latuit

209 627 295 690 enim
310 624 364 688 hic
378 621 542 688 Adelbero
564 624 597 686 in
615 623 770 688 altissima
785 623 925 710 quadam
946 623 1134 704 munitione,
1156 641 1240 707 quae
1255 619 1326 684 dici-

209 718 263 773 tur
288 708 403 773 Latine
426 708 638 789 Mons-vini1,
669 720 701 773 et
721 707 797 772 licet
819 709 948 794 saepius
971 706 1139 772 offerretur
1161 706 1192 770 ei
1214 703 1325 790 legatio

209 793 367 857 Henrichi
388 795 432 857 im
458 793 590 856 cratoris
622 799 655 855 ct
683 792 876 878 supplicatio
899 792 1065 856 commissi
1087 790 1206 876 gregis,
1228 797 1265 853 ut
1284 810 1326 854 re·

208 886 387 943 verteretur
407 815 455 941 ad
465 876 645 940 custodiam
660 876 866 963 episcopatus
880 876 941 958 sui,
962 873 1065 940 noluit
1082 885 1191 939 tamen
1205 875 1325 938 reverti.

209 961 297 1026 Ecce
326 962 438 1026 scribit
469 959 615 1024 Isidorus
652 961 849 1048 episcopus²
878 961 911 1023 in
941 960 971 1024 8.
1000 957 1082 1025 libro
1109 957 1324 1042 Etymologia-

208 1068 294 1110 rum:
317 1061 450 1121 Montani,
468 1045 629 1131 inquient,
655 1059 763 1111 heretici
786 1059 851 1111 dicti
874 1067 950 1123 sunt,
975 1059 1046 1124 quod
1071 1065 1187 1124 tempore
1207 1074 1325 1124 persecu·

208 1135 288 1187 tionis
312 1135 342 1186 in
367 1132 497 1187 montibus
522 1136 659 1186 latuerunt
683 1141 707 1184 ct
731 1150 764 1184 ca
790 1133 924 1184 occasione
948 1147 975 1183 se
1001 1149 1019 1181 a
1043 1131 1189 1182 catholicae
1208 1131 1325 1184 ccclesiae

208 1233 318 1282 corpore
337 1213 493 1270 diruerunt.
532 1201 628 1282 Quod
648 1201 674 1263 si
688 1198 767 1265 tales
782 1201 911 1265 fuerunt
931 1197 1065 1264 heretici
1084 1198 1248 1284 fugientes
1263 1221 1326 1297 per-

208 1284 418 1364 secutionem,
448 1285 527 1370 quid
559 1284 616 1366 illi,
646 1285 704 1370 qui
731 1284 868 1350 oderunt
894 1305 1009 1369 pacem
1038 1292 1070 1348 et
1096 1292 1212 1369 sponte
1240 1283 1325 1347 drmi-

208 1377 319 1433 serunt
340 1366 495 1433 ecclesiae
517 1367 695 1435 unitatem?
728 1368 809 1449 Quis
825 1391 901 1434 vero
924 1367 1083 1433 custodiet
1104 1389 1183 1432 oves
1206 1367 1326 1453 alupo-

208 1474 281 1516 rum
308 1450 445 1534 insidiis,
475 1454 604 1600 quando
635 1453 755 1518 descrit
786 1475 841 1518 eas
870 1473 949 1517 cura
977 1449 1140 1538 pastoris?
1186 1466 1249 1529 Qua
1273 1484 1325 1518 con·

210 1551 329 1615 scientio,
349 1535 455 1621 inquit
504 1559 542 1602 eo
564 1559 650 1624 papa
658 1547 680 1619 ³,
702 1553 827 1604 honorem
852 1552 904 1603 sibi
927 1551 1070 1604 sacerdotii
1087 1549 1251 1616 praestitum
1270 1566 1325 1631 oep-

210 1633 310 1698 dicont,
336 1634 383 1700 qui
396 1652 449 1700 pro
470 1636 610 1688 animabus
630 1636 682 1688 ciii
700 1635 805 1687 creditis
824 1652 879 1685 non
898 1633 1041 1685 laboranti
1077 1631 1258 1696 Conciderant,
1277 1625 1326 1699 ali,

210 1707 304 1758 milites
331 1706 435 1772 Christi,
464 1708 557 1761 iccirco
587 1726 614 1761 sc
640 1709 734 1761 cotidie
759 1708 866 1759 calicem
894 1706 991 1758 Obristi
1015 1706 1156 1774 sanguinis
1182 1705 1278 1770 bibere,
1301 1713 1326 1758 ut

205 1789 311 1855 possint
337 1795 361 1841 et
383 1790 437 1856 ipsi
458 1799 568 1857 propter
587 1791 718 1843 Christum
743 1789 900 1856 sanquinem
910 1789 1039 1857 fundere.
1078 1774 1152 1837 Hoc
1174 1783 1226 1838 est
1247 1775 1327 1838 enim

209 1854 290 1921 velle
318 1878 392 1920 curu
421 1857 550 1924 Christo
579 1858 727 1939 inveniri,
753 1856 788 1920 id
817 1855 903 1943 quod
932 1853 1078 1921 Christus
1107 1865 1140 1922 et
1168 1858 1281 1924 docuit
1300 1867 1327 1923 et

66 1941 287 2011 assuefecit
307 1941 436 2025 imitari,
459 1943 636 2007 secundum
657 1941 834 2008 Iohannem
856 1939 1038 2027 apostolum
1060 1940 1237 2006 dicentem:
1268 1941 1327 2017 Qui

210 2025 291 2091 dicit
319 2048 351 2090 se
380 2029 416 2091 in
442 2026 570 2092 Oiristo
600 2049 743 2107 manere,
774 2025 861 2089 debet
889 2026 1045 2110 quomodo
1073 2025 1128 2091 itte
1152 2026 1327 2092 ambulavit

209 2112 329 2194 etipse
352 2111 530 2176 ambulare.
572 2111 662 2196 Ergo
693 2110 840 2175 Christus
866 2108 999 2173 daturus
1025 2110 1217 2195 sanguinem
1238 2133 1327 2176 suum

208 2215 268 2281 pro
284 2193 385 2259 salute
400 2197 500 2259 totius
514 2196 627 2260 mundi
648 2195 781 2260 intravit
795 2191 1000 2257 Hierusalem
1023 2214 1096 2257 cum
1115 2195 1231 2278 turbis,
1250 2217 1327 2282 quae

208 2276 447 2364 praecedebant
474 2289 505 2344 ct
534 2302 616 2365 quae
644 2279 860 2365 sequebantur
882 2276 1057 2342 clamantes
1080 2277 1224 2360 Osanna,
1252 2301 1327 2379 quae

210 2370 243 2427 et
264 2361 450 2427 sternebant
469 2364 498 2426 ei
519 2364 553 2426 in
567 2365 621 2428 via
635 2364 825 2428 vestimenta
840 2382 908 2442 sua,
930 2360 1119 2426 humilitatis
1143 2373 1177 2428 et
1190 2365 1327 2429 iustitiae

209 2447 359 2529 insignia,
387 2447 482 2510 simul
514 2456 545 2511 ct
570 2469 677 2512 ramos
703 2445 893 2531 palmarum,
926 2447 1171 2530 praetendentes
1204 2449 1327 2547 pietatis

212 2551 321 2615 opera.
363 2529 429 2594 Sed
444 2529 609 2594 Adelbero
631 2530 775 2596 introivit
797 2551 870 2593 cum
884 2529 962 2593 viris
984 2532 1179 2616 sanguinum
1202 2555 1237 2596 un
1255 2532 1327 2598 civi·

210 2623 308 2678 tatem
332 2613 551 2699 Wirziburga,
580 2615 690 2699 fugato
722 2613 798 2679 inde
825 2611 1037 2697 Meginhardo
1071 2616 1237 2702 episcopo,
1264 2638 1327 2681 suc·

211 2718 339 2762 cessone
359 2719 427 2780 suo,
451 2708 547 2784 atque
569 2699 773 2784 imperatoris
795 2696 968 2784 praesidio.
1001 2699 1086 2762 Tum
1102 2700 1233 2785 quidem
1249 2701 1328 2766 deoi-

210 2804 282 2844 mus
304 2791 372 2846 erat
393 2804 505 2865 annus,
527 2794 701 2870 postquam
721 2782 808 2847 idem
831 2779 993 2846 Adelbero
1014 2783 1142 2867 fugerat
1164 2784 1206 2849 de
1219 2785 1328 2850 Wirui-

210 2865 364 2951 burgensi
398 2867 533 2932 ecclesia
560 2869 658 2931 immo
690 2867 730 2931 de
758 2864 915 2930 catholica
942 2866 1089 2949 ecclesia,
1123 2878 1156 2933 et
1184 2871 1328 2956 quamvis

211 2971 309 3035 saepe
334 2952 376 3016 ab
399 2951 545 3035 ecclesia,
569 2974 666 3039 saepe
687 2951 729 3016 ab
752 2952 947 3037 imperatore
968 2951 1010 3015 ad
1031 2953 1206 3037 pristinum
1228 2953 1327 3040 digni·

209 3035 283 3098 tatis
311 3057 387 3100 suae
416 3035 523 3101 locum
550 3039 593 3101 sit
619 3037 817 3115 reinvitatus,
850 3035 968 3099 reverti
994 3045 1102 3102 tamen
1129 3036 1242 3120 noluit,
1273 3038 1331 3102 nisi

208 3118 346 3183 fortasse
378 3142 416 3185 eo
451 3143 514 3206 quo
541 3122 664 3185 dictum
694 3132 725 3187 et
750 3121 872 3183 factum
904 3127 953 3183 est
980 3120 1076 3185 modo
1109 3123 1329 3209 episcopatum

208 3225 303 3267 suum
318 3206 474 3289 sanguine
489 3205 663 3270 multorum
678 3204 845 3269 hominurn
860 3202 1018 3270 redimere
1033 3205 1215 3291 contigerit.
1247 3207 1330 3274 Ecce

210 3287 249 3351 de
272 3287 430 3353 eiusmodi
453 3289 567 3354 scribit
588 3288 771 3374 Cyprianus
800 3288 973 3387 episcopus
1003 3289 1043 3354 de
1072 3290 1196 3356 unitate
1226 3292 1329 3358 catho-

207 3369 290 3436 licae
312 3371 501 3437 ecclesiae4:
530 3385 705 3439 Aeneanici
731 3395 776 3451 cu,
803 3394 960 3457 inquiens,
989 3387 1049 3439 rotis
1075 3393 1154 3454 acque
1171 3388 1329 3457 suffindas

208 3461 329 3529 quisquis
341 3463 431 3529 suerit
451 3463 484 3512 ab
504 3460 614 3512 ecclesia
632 3470 788 3527 separatus,·
805 3479 947 3528 potuemus
967 3470 1004 3514 est
1023 3461 1177 3513 huiusmodi
1203 3471 1227 3516 ct
1241 3472 1331 3530 peccat

210 3543 235 3587 ct
254 3543 291 3587 est
310 3553 328 3586 a
346 3544 425 3588 semet
443 3535 502 3600 ipso
523 3535 675 3585 damnatus.
701 3533 744 3585 An
757 3533 809 3586 sibi
822 3535 926 3600 cinnii
946 3552 1000 3587 esse
1020 3551 1077 3586 oum
1097 3532 1200 3587 Uirristo
1220 3539 1330 3602 videtin,

209 3607 257 3674 qui
269 3609 399 3661 aduersus
412 3609 560 3659 sacerdotes
577 3604 674 3658 Olaristi
685 3606 757 3674 fucit
776 3617 800 3659 ct
818 3609 904 3675 quise
919 3627 936 3660 o
950 3609 1017 3660 clero
1037 3607 1093 3660 cius
1113 3615 1146 3675 et,
1151 3611 1241 3675 plebis
1253 3612 1330 3664 socie·

210 3687 264 3732 tote
282 3680 412 3733 secernit?
448 3679 532 3732 Arma
550 3679 595 3730 iile
614 3688 705 3732 contra
724 3679 858 3733 ecclesiam
871 3690 973 3748 portat,
992 3687 1084 3732 contra
1102 3681 1157 3734 Dei
1181 3683 1330 3751 dispositio·

209 3769 270 3805 nem
281 3760 423 3822 repugnat,
443 3753 523 3804 bostis
537 3753 639 3815 attaris,
660 3756 790 3808 aduersus
803 3755 960 3823 sacm'flcium
976 3753 1073 3806 Obristi
1084 3756 1198 3821 rebeliis,
1215 3775 1269 3825 pro
1277 3758 1331 3825 fide

208 3827 336 3892 perfidus,
350 3844 404 3892 pro
417 3826 542 3893 reiipione
560 3826 713 3895 sacrilepus,
732 3828 904 3894 inobsequens
918 3844 1019 3892 seruus,
1032 3828 1109 3893 filius
1121 3829 1230 3896 impius,
1242 3833 1331 3896 frater

210 3898 343 3961 inimicus,
369 3899 519 3965 contemptis
545 3900 673 3967 episcopis
698 3908 722 3953 et
740 3901 793 3952 Dei
815 3902 995 3954 sacerdotibus
1014 3902 1154 3966 derelictis,
1175 3905 1329 3957 constituere

211 3972 293 4024 audet
319 3971 395 4023 aliud
423 3975 517 4037 attare,
537 3990 644 4040 precem
670 3976 782 4026 alteram
806 3975 904 4027 illicitis
928 3975 1036 4028 uocibus
1052 3975 1158 4042 facere,
1184 3976 1329 4031 dominicae

213 4085 237 4139 a)
253 4087 359 4128 Wtrtalb.
377 4090 388 4128 1
404 4098 574 4139 nonnunquam.

212 4183 240 4248 1)
265 4183 405 4235 Lambach
428 4187 457 4234 in
475 4185 583 4237 Austris
601 4186 746 4250 superiore,
771 4186 817 4236 ubi
838 4186 996 4237 coenobium
1017 4186 1190 4252 condiderat3
1208 4189 1250 4241 cf.
1270 4191 1329 4240 Ber·

210 4256 287 4307 noldi
307 4257 369 4308 chr.
389 4275 416 4324 p.
436 4258 499 4310 450.
558 4258 588 4325 2)
608 4258 707 4309 Isidori
728 4259 817 4325 Opera
836 4259 889 4322 III,
909 4276 935 4325 p.
957 4259 1019 4311 355.
1076 4260 1106 4327 3)
1125 4262 1215 4328 Epist.
1235 4263 1328 4315 Leonis

212 4329 247 4381 ad
265 4331 412 4394 Turibium,
432 4331 576 4384 Hiuschius
597 4349 623 4398 p.
644 4328 705 4382 595.
781 4333 809 4396 4)
831 4332 958 4398 Cypriani
978 4333 1067 4400 Opera
1084 4351 1112 4400 p.
1132 4335 1195 4388 225.
1217 4336 1279 4387 226.
