2812 4830
214 374 266 424 112
408 374 458 424 DE
478 372 637 423 UNlTATE
656 370 860 423 sconsam}
882 369 1161 423 CONSERVANDA.

213 543 303 628 cipes
332 551 406 605 sunt
431 541 552 626 periuri
573 548 670 626 atque
691 538 834 620 heretici,
856 547 1002 624 raptores
1023 548 1122 624 atque
1145 537 1319 618 homicidae,

213 624 325 712 quales
352 647 447 689 nemo
473 625 557 688 iuste
584 625 703 709 poterit
732 622 913 705 defendere,
940 622 998 687 sed
1019 633 1077 687 aut
1098 623 1259 706 corrigere
1278 632 1321 687 aut

213 709 397 796 reprobare,
427 731 485 795 pro
515 709 575 790 his,
605 710 747 794 inquam,
774 707 888 772 scribit
915 705 978 787 ille,
1008 715 1044 771 ut
1071 707 1215 792 periuria
1240 716 1346 792 atquc·

213 793 397 875 homicidia,
424 794 556 879 rapinas
588 803 686 878 atque
717 791 867 856 incendia
893 800 1014 856 statuat
1042 801 1141 876 atque
1171 789 1323 854 confirmet

214 876 307 943 solito
334 899 432 948 more.
476 877 653 943 Sciendum
682 887 728 942 est
755 879 863 957 etiam,
892 876 1007 961 inquit,
1038 878 1120 959 quia
1151 877 1321 960 quicunque

206 961 400 1046 fidelitatem
422 964 537 1026 iurant
559 963 713 1043 dominis,
734 984 801 1025 non
817 962 935 1025 iurant
958 961 1025 1025 nisi
1047 982 1148 1045 quam
1170 981 1211 1023 erc
1225 959 1320 1024 catio·

213 1048 280 1111 dica
309 1045 376 1131 depe
399 1047 512 1111 debent
534 1047 686 1110 dominis.
730 1044 917 1108 Fideiitatis
946 1054 1051 1109 autem
1079 1044 1183 1108 iuius
1205 1043 1322 1109 modun

83 1132 407 1203 spussdeterminat
437 1129 603 1215 apostotus
630 1130 774 1193 scribens
801 1128 969 1212 Ephesiis,
997 1138 1034 1192 ut
1062 1129 1150 1192 serui
1183 1128 1323 1192 obediant

214 1217 356 1279 dominis
387 1215 579 1279 carnalibus
605 1215 690 1278 sicut
713 1211 850 1279 maristo.
897 1211 994 1286 Quod
1024 1233 1194 1296 eaponene
1221 1213 1323 1276 Hiero·

215 1311 352 1384 nymusl
374 1301 410 1363 in
432 1308 576 1363 tractatu
598 1299 741 1362 eiusdem
759 1297 927 1381 epistolae:
950 1296 1119 1378 ‘Pitoura
1142 1299 1201 1376 ait,
1225 1298 1321 1380 ‘impe-

215 1406 298 1447 rans
327 1385 440 1465 seruis,
478 1392 515 1446 ut
548 1383 702 1447 obediant
730 1381 884 1462 dominis,
914 1382 1034 1446 adiecit
1067 1382 1168 1465 quasi
1197 1380 1322 1447 cnunc

142 1485 177 1527 τι).
185 1487 206 1530 s.
215 1468 259 1530 Et
285 1469 422 1530 iterum:
461 1467 501 1530 Ut
527 1468 613 1531 serui
637 1465 759 1532 Christi
776 1465 945 1550 facientes
973 1464 1172 1531 uoluntatem
1197 1465 1274 1546 Dei,
1297 1471 1324 1527 ut

215 1550 337 1614 scilicet
359 1572 425 1615 non
448 1551 567 1614 audiat
588 1573 700 1614 seruus
722 1549 890 1613 carnalem
911 1549 1089 1629 dominnm,
1112 1549 1143 1612 si
1165 1550 1324 1613 contraria

215 1633 281 1697 Dei
291 1636 479 1718 praeceptis
493 1633 630 1698 uoluerit
650 1636 825 1717 imperare,
847 1643 883 1698 ut
904 1643 933 1698 et
947 1642 1077 1697 seruos²
1098 1655 1169 1697 non
1184 1633 1324 1697 videnter

217 1726 331 1783 contro
358 1719 507 1782 dominos
534 1719 697 1782 concitare
727 1726 755 1780 et
781 1741 916 1782 rursum
945 1739 1155 1802 nequaquam
1189 1718 1324 1782 dominos

216 1803 328 1866 doceat
356 1803 550 1883 erudiendos,
579 1804 610 1866 si
632 1804 750 1866 uitiosa
772 1811 801 1866 et
830 1802 982 1886 nefanda
998 1803 1238 1886 praecipiant.
1279 1801 1322 1864 Eu

217 1887 274 1950 doc
292 1897 469 1971 praecepto
492 1885 634 1971 apostoli
655 1895 683 1950 et
704 1887 919 1972 emplanantis
939 1909 1012 1950 eum
1027 1885 1227 1971 Hieronymi
1244 1893 1324 1969 patet

216 1972 405 2052 evidentius,
455 1974 524 2053 uia,
552 1995 625 2036 cum
654 1993 722 2035 uon
754 1970 890 2034 debeant
919 1971 1008 2033 serui
1035 1969 1165 2034 odedire
1194 1970 1324 2034 dominis

215 2057 285 2118 nisi
311 2057 395 2118 sicut
444 2057 556 2136 triste,
582 2056 620 2120 id
641 2064 686 2118 est
715 2055 783 2118 nisi
810 2055 847 2118 in
870 2055 922 2117 dis
950 2075 1034 2138 quae
1045 2052 1217 2138 facienda
1235 2075 1322 2138 prae-

215 2141 300 2223 cepit
324 2139 482 2221 Cdristus,
511 2142 695 2224 quicunque
718 2140 903 2223 obsequitur
930 2141 977 2201 eis
1004 2139 1041 2200 in
1069 2138 1123 2201 dis
1151 2161 1237 2223 qnae
1258 2144 1323 2200 sunt

215 2233 331 2286 contra
349 2222 519 2304 Christum,
534 2223 695 2306 fidelitate
715 2225 752 2286 in
767 2220 989 2304 infidelitatem
1005 2221 1157 2304 alterata,
1179 2223 1242 2286 erit
1256 2241 1323 2306 per·

215 2309 321 2370 iurus.
364 2309 419 2370 Eu
446 2309 582 2372 decretio
612 2306 737 2371 Soteris
760 2329 893 2391 pupae:
926 2305 979 2370 ‘Si
1008 2305 1138 2392 aliquid
1153 2305 1248 2389 forte
1274 2325 1324 2369 nos

215 2392 385 2455 incautius
407 2393 536 2455 inrasae
559 2392 739 2476 contiperit,
764 2391 851 2476 quod
872 2391 1074 2455 observatum
1097 2390 1248 2474 peiorem
1267 2410 1325 2454 uer-

217 2483 274 2558 pat
302 2476 340 2538 in
367 2477 499 2556 endum,
526 2472 612 2540 illud
634 2475 767 2540 consitio
789 2475 969 2539 salubriori
990 2475 1188 2539 mutandum
1209 2474 1324 2539 noveri-

216 2580 299 2637 mus,
323 2582 361 2620 uc
379 2560 497 2644 mapis,
519 2561 661 2623 instante
675 2562 875 2640 necessitate,
892 2559 1140 2644 perierandum
1163 2558 1259 2624 nobis
1280 2565 1325 2637 est,

218 2663 316 2725 quum
335 2643 480 2726 perfecto
501 2644 686 2707 iuramento
708 2648 741 2706 in
764 2643 859 2708 uliud
881 2645 1002 2707 crimen
1024 2643 1134 2706 maius
1156 2652 1204 2707 est
1232 2643 1326 2707 diuer-

217 2727 367 2789 tendum’.
400 2727 592 2791 Ambrosius
612 2729 648 2791 in
670 2727 753 2791 libro
768 2726 992 2812 officiorum:
1015 2728 1104 2808 ‘Est',
1128 2728 1187 2808 ait,
1211 2733 1326 2792 ‘contra

217 2807 363 2892 officium
378 2833 617 2896 nonnunquam
627 2815 827 2895 promissum
842 2811 971 2892 soluere,
983 2820 1226 2876 sacramentum
1239 2820 1327 2876 custo·

217 2894 299 2973 dire,
332 2904 368 2957 ut
400 2896 556 2977 Herodes,
589 2898 647 2980 qui
677 2897 811 2976 iurauit,
844 2898 999 2979 quoniam
1027 2895 1188 2981 quicquid
1214 2898 1327 2980 petitus

217 2988 296 3040 esset
317 2980 412 3043 daret
429 2979 526 3062 filiae
549 2980 762 3060 Herodiadis,
792 2989 821 3043 et
847 3001 953 3043 necem
975 2980 1138 3043 Iohannis
1154 2981 1326 3063 praestitit,

216 3084 257 3124 ne
280 3066 482 3147 promissum
509 3066 663 3149 nepuret’.
709 3065 800 3127 Haec
829 3065 868 3127 de
895 3065 1101 3143 iuramentis,
1126 3063 1243 3148 inquit,
1264 3064 1327 3128 ideo

215 3147 395 3229 intulimus,
429 3151 585 3234 quoniam
617 3171 678 3212 nos
704 3150 932 3232 periuriorum
968 3148 1149 3212 domatores
1187 3155 1328 3212 autumat

65 3257 84 3295 1.
95 3254 157 3296 sam.
169 3256 205 3298 as.
223 3231 413 3314 Wipbertus.
458 3234 588 3296 Iuravit
617 3235 713 3297 etiam
742 3232 858 3296 Dauid
887 3255 951 3316 per
978 3231 1158 3296 Dominum
1194 3233 1328 3297 occidere

217 3315 328 3379 Nubat
343 3318 449 3381 uirum
472 3317 605 3380 stultum
626 3326 655 3382 et
669 3318 807 3400 impium
831 3325 926 3401 utque
943 3319 1054 3380 omnia
1076 3338 1160 3401 quae
1185 3316 1231 3381 ad
1245 3316 1329 3380 iilum

213 3402 416 3481 pertinerent
449 3400 608 3480 demoliri,
640 3403 697 3464 sed
725 3400 770 3464 ud
793 3403 940 3484 primum
966 3402 1231 3465 intercessionem
1259 3400 1329 3463 Abi·

217 3483 466 3568 pahiifeminae
476 3484 654 3568 prudentis
676 3506 750 3549 mocc
764 3486 889 3548 remisit
911 3485 1030 3565 minus,
1051 3485 1219 3548 reuocauit
1233 3506 1330 3549 ensem

217 3570 254 3630 in
276 3571 435 3652 rapinam
457 3591 552 3631 suam
573 3589 630 3631 nec
651 3568 780 3654 aliquid
802 3567 920 3652 culpae
947 3590 979 3632 se
1004 3567 1067 3631 tati
1112 3570 1240 3634 eriurio
1263 3591 1328 3633 con·

217 3654 359 3715 trunisse
389 3651 502 3715 doluit.
546 3652 609 3715 Per
637 3651 715 3716 haec
746 3655 801 3737 qui
826 3674 866 3736 pe
887 3653 988 3717 verba
1008 3651 1076 3715 nihi
1109 3649 1200 3715 aliud
1222 3655 1330 3738 agitur,

128 3751 209 3794 arasth.
218 3735 280 3798 nisi
301 3745 337 3799 ut
351 3734 431 3799 fides
447 3734 636 3818 destruatur,
660 3747 691 3801 et
704 3746 740 3800 ut
754 3760 787 3801 se
812 3745 957 3818 ucantur,
980 3736 1008 3800 si
1022 3735 1092 3799 fieri
1106 3743 1226 3820 potest,
1241 3737 1330 3801 etiam

126 3812 162 3865 ‘24’
171 3812 207 3854 ²⁴·
218 3816 319 3899 electi,
342 3828 379 3883 ut
400 3820 463 3884 sint
484 3821 622 3904 periuri3
645 3821 736 3885 iuxta
757 3819 844 3906 quod
866 3821 962 3885 etiam
984 3828 1058 3883 sunt
1078 3820 1214 3886 heretici
1242 3829 1331 3915 atquc

219 3903 402 3984 scismatici,
425 3905 606 3990 quicunque
629 3904 792 3970 declinant
812 3913 886 3990 post
907 3927 961 3970 eos
990 3905 1047 4054 gui
1073 3913 1149 3969 sunt
1177 3902 1329 3968 eiusmodl

218 3984 328 4072 quales
350 4000 558 4072 susceperunt
580 3989 750 4054 defen-dere
772 3991 822 4052 sui
842 4000 967 4074 partem
1022 3988 1152 4073 rogerii.
1191 3988 1285 4054 Unde
1305 3993 1331 4051 et

218 4140 241 4194 a)
258 4141 354 4183 servitia
369 4143 428 4183 Hier.

221 4259 246 4323 1)
273 4259 383 4309 Hieron.
403 4261 454 4324 Ep.
481 4259 515 4309 ad
534 4258 605 4324 Eph.
628 4258 675 4310 lib.
695 4257 748 4318 111,
775 4259 865 4323 Opera
889 4257 932 4306 ed.
952 4255 1068 4308 Vallars.
1088 4255 1153 4320 VII,
1176 4257 1201 4319 1,
1226 4274 1252 4323 p.
1273 4251 1327 4304 668.

219 4331 248 4400 2)
268 4333 402 4384 Ambrosii
422 4334 511 4398 Opera
534 4332 576 4384 ed.
593 4333 660 4382 Ben.
688 4332 772 4382 Paris.
795 4329 875 4382 1690.
903 4329 942 4394 II,
961 4347 987 4396 p.
1009 4328 1052 4379 68.
