2812 4830
237 375 271 425 98
420 373 470 423 DE
489 371 648 423 UNITATE
667 369 873 423 EOCLESIAE
898 368 1174 422 CONSERVANDA.

83 569 149 613 ross.
166 567 230 620 seps.
239 543 467 627 imperatorem
517 561 552 602 er
572 539 641 601 vim
667 536 774 602 bellici
800 537 977 602 tumultus¹
1001 536 1168 602 discedere
1196 558 1240 601 ex
1262 536 1353 602 Saxo-

239 627 313 689 nia²
342 646 416 688 cum
449 562 615 688 cadorius
649 622 820 709 episcopis,
852 622 1033 707 aperientes
1064 622 1182 685 iterum
1214 620 1354 686 hereticis

239 711 365 773 aditum
394 707 578 773 introeundi
606 705 648 770 ad
677 705 759 770 ovile
789 706 908 788 ovium,
936 714 973 771 ut
998 727 1058 792 pro
1088 703 1273 792 pastoribus
1294 704 1355 804 lupi

162 813 227 854 ross.
240 793 483 858 dominarentur
510 792 561 855 iis.
605 791 684 855 Post
711 789 791 854 haec
820 811 904 855 anno
934 789 1043 873 altero,
1074 811 1149 855 cum
1178 792 1245 854 iam
1268 788 1355 854 simili

239 877 346 957 modo,
376 877 459 940 siout
487 875 670 961 frequenter
697 873 818 938 factum
842 884 900 955 est,
923 873 1031 938 elusus
1053 874 1167 938 fuisset
1187 875 1356 960 imperator

264 983 298 1024 er
321 961 488 1027 Saxonum
508 970 605 1045 atque
626 959 867 1043 Thuringorum
887 957 1057 1044 perfidiam
1066 967 1089 1039 ³,
1117 959 1174 1043 qui
1195 957 1355 1044 usquead

239 985 356 1109 hotam
377 1043 512 1108 fluvium
536 1065 611 1107 cum
627 1044 771 1107 exercitu
794 1064 852 1106 suo
867 1052 944 1106 tunc
959 1051 1189 1129 peragraverat
1204 1053 1355 1107 utrorum·

240 1151 302 1215 que
317 1129 528 1214 provinciam,
550 1127 728 1212 composita
742 1147 824 1213 pace
845 1127 937 1191 iuxta
952 1125 1162 1208 conditiones,
1181 1148 1264 1213 quas
1278 1127 1355 1212 prin·

240 1214 329 1299 cipes
358 1214 520 1299 utrimque
550 1232 669 1297 aequas
698 1220 732 1275 et
760 1210 853 1274 utiles
881 1211 1088 1292 iudicassent,
1117 1209 1268 1277 discessit
1288 1209 1355 1274 inde

239 1308 372 1384 propter
399 1298 570 1360 instantem
601 1294 880 1380 quadragesimam
891 1304 913 1358 ⁴.
958 1295 1021 1360 Sed
1050 1303 1213 1360 amatores
1237 1303 1354 1360 conten-

239 1382 335 1445 tionis
367 1402 406 1444 ao
443 1379 624 1444 discordiae
660 1379 930 1465 pseudoepiscopi
963 1378 1125 1443 Saxoniae
1163 1379 1355 1465 quaerebant

241 1463 334 1529 solito
364 1465 455 1551 pacis
486 1461 684 1527 conditiones
712 1463 955 1549 interrumpere,
977 1464 1143 1548 cupientes
1165 1465 1272 1551 magis
1294 1485 1355 1549 per-

239 1547 317 1612 fidia
350 1560 381 1613 et
412 1549 552 1634 periurio
585 1568 697 1610 secum
726 1568 836 1613 omnes
863 1548 974 1630 teneri,
1004 1567 1099 1633 quam
1130 1569 1248 1632 paoem
1277 1548 1354 1628 fieri;

240 1631 376 1717 ideoque
403 1654 467 1696 non
496 1632 571 1712 iam,
597 1632 682 1696 siout
706 1642 809 1712 antea,
837 1629 988 1696 volebant
1017 1641 1169 1696 eventum
1202 1630 1279 1697 belli
1309 1653 1355 1696 ex-

239 1725 370 1802 pectare
397 1718 482 1781 intra
508 1715 690 1802 provincias
716 1714 768 1780 vel
798 1716 959 1780 Saxoniae
986 1714 1038 1780 vel
1065 1715 1277 1802 Thuringiae,
1304 1713 1355 1779 sed

239 1799 402 1865 audebant
423 1799 503 1863 illud
525 1808 618 1864 extra
641 1799 721 1863 fines
743 1821 819 1864 suos
841 1802 874 1865 in
889 1798 1043 1864 ulteriora
1063 1801 1158 1884 regni
1180 1799 1356 1879 transferre,

239 1883 297 1948 ubi
329 1893 462 1970 possent
496 1884 733 1948 communicata
766 1906 838 1947 cum
876 1884 990 1948 Suavis
1027 1882 1170 1948 scelera⁵
1207 1884 1355 1950 adversus

240 1967 409 2033 ecclesiam
424 1968 544 2054 pariter
566 1978 598 2032 et
612 1967 768 2032 adversus
782 1990 850 2032 rem
865 1968 1030 2053 publicam
1044 1969 1258 2052 committere,
1272 1970 1356 2032 iuxta

240 2053 327 2138 quod
350 2053 470 2118 factum
492 2052 595 2117 estin
617 2053 806 2138 episcopatu
821 2053 1094 2138 Wirziburgensis
1116 2052 1285 2136 ecclcsiae,
1306 2051 1355 2116 ubi

239 2145 420 2224 pugnatum
450 2144 499 2202 est
526 2147 637 2201 contra
664 2137 892 2223 imperatorem
922 2135 1120 2201 Henrichum
1155 2138 1269 2223 quinta
1297 2138 1355 2200 iam

238 2223 322 2304 vice,
348 2242 432 2285 anno
461 2220 583 2286 scilicet
613 2221 704 2286 1086.
737 2221 777 2286 ab
811 2221 1030 2286 incarnatione
1057 2221 1202 2303 Domini,
1230 2223 1261 2287 3.
1284 2221 1355 2286 Idus

238 2305 388 2390 Augusti.
420 2305 529 2368 Huius
551 2325 680 2390 pugnae
703 2327 802 2368 causa
817 2307 932 2387 extitit,
954 2306 1052 2392 quiaa
1072 2308 1084 2368 i
1109 2327 1179 2370 sam
1197 2307 1356 2370 civitatem

238 2388 427 2473 Wirziburg
455 2411 498 2452 ex
524 2388 692 2454 obsidione
714 2388 853 2454 hostium
874 2391 1049 2475 imperator
1068 2329 1206 2456 liberare
1228 2389 1356 2469 voluit⁶‚

239 2471 296 2536 sed
324 2471 417 2535 dolus
451 2473 556 2557 magis
586 2494 681 2558 quam
709 2474 813 2538 virtus
845 2474 1014 2538 victoriam
1046 2473 1194 2540 hostibus
1227 2475 1357 2561 peperit

239 2556 470 2620 Verumtamen
491 2577 556 2620 non
578 2559 681 2642 magis
705 2578 779 2620 cum
799 2557 944 2623 hostibus
967 2560 1063 2644 quarn
1086 2580 1160 2622 cum
1180 2558 1357 2645 proditione

239 2660 278 2703 ac
300 2637 437 2725 perfidia
459 2639 641 2704 sociorum⁷
664 2640 851 2706 dimicatum
874 2650 931 2727 est,
961 2664 1044 2729 quae
1070 2642 1238 2707 dimicatio
1261 2643 1357 2707 maior

240 2801 263 2853 a)
280 2811 327 2851 qua
343 2802 368 2852 13
384 2800 480 2844 oolam
497 2805 621 2846 11111111αυί1.

242 2938 270 3008 1)
290 2941 369 2990 Hanc
382 2941 542 2992 seditionem
555 2943 705 3009 Egbertum
725 2944 839 2993 maxime
854 2945 980 3006 movisse,
999 2945 1067 2994 dnn.
1081 2944 1213 3010 Magdab.
1227 2951 1256 2997 et
1269 2945 1357 3011 Sigsb.

241 3012 304 3081 (SS.
317 3015 367 3079 VI,
386 3032 413 3081 p.
433 3015 500 3082 365)
520 3019 643 3080 tradunt;
663 3016 709 3066 hic
730 3016 808 3066 dicit:
829 3014 950 3067 Saxones
969 3015 1064 3067 lteram
1081 3017 1211 3069 rebellant
1229 3018 1358 3071 incantore

235 3104 305 3154 pras
324 3088 423 3140 cunctis
441 3088 554 3156 Eyberto
573 3089 672 3142 comite.
755 3088 1075 3154 2)cf.Bern01oichr.
1096 3090 1155 3153 (SS.
1175 3093 1210 3155 V,
1237 3109 1264 3160 p.
1285 3089 1357 3158 444).

240 3159 270 3227 3)
291 3161 405 3229 61111111,
425 3163 492 3228 Reg.
508 3162 588 3216 28⁷9.
603 3163 684 3217 2880.
699 3162 784 3226 28933
806 3162 841 3212 cf.
855 3162 927 3229 quod
940 3162 1104 3214 Waltramas
1123 3164 1182 3230 ipse
1203 3165 1237 3215 de
1251 3166 1358 3232 Egberti

239 3234 354 3302 perfidia
374 3236 410 3298 (o.
430 3232 479 3301 33)
500 3237 575 3288 dicit.
650 3238 679 3304 4)
705 3234 837 3287 11186.
862 3235 1070 3302 quadragesima
1094 3238 1198 3304 incepit
1216 3240 1298 3290 Febr.
1317 3238 1357 3288 16.

241 3309 267 3372 5)
285 3308 326 3360 cf.
346 3308 475 3359 Bernoldi
495 3309 556 3361 Chr.
575 3327 603 3376 p.
623 3310 693 3374 4443
718 3310 832 3376 Stumpf,
851 3310 920 3374 Reg.
940 3309 1028 3369 28853
1051 3309 1121 3362 Arm.
1141 3311 1273 3377 Angusta
1293 3311 1358 3364 Con·

239 3383 288 3434 tin.
302 3384 327 3434 2.
340 3382 469 3445 Mariani;
490 3383 598 3448 Sigeb.;
618 3383 724 3435 Eklrsh.
738 3383 799 3434 Chr.
836 3385 877 3434 Ex
895 3383 937 3434 his
956 3383 1079 3434 omnibns
1099 3391 1221 3450 apparat,
1242 3386 1358 3437 Saxones

240 3455 374 3507 studuisse
398 3455 561 3507 hiberoncm
587 3459 616 3507 in
642 3459 826 3524 episcopatum
850 3459 990 3508 restituere
1016 3458 1127 3523 eiusque
1152 3460 1193 3509 rei
1212 3474 1298 3510 causa
1315 3473 1359 3510 sna

241 3536 336 3596 sponte
357 3535 432 3580 extra
450 3527 518 3581 fines
536 3531 693 3596 provinciae
712 3532 867 3597 imperatori
885 3530 987 3582 bellum
1006 3530 1129 3582 intulisse
1149 3537 1177 3582 ct
1191 3547 1253 3582 cum
1267 3533 1357 3584 Suavis

241 3619 270 3655 se
291 3603 469 3654 coniunxisse.
545 3604 573 3668 5)
593 3604 655 3655 Huc
674 3605 764 3654 omnia
783 3609 908 3670 spectant
927 3621 995 3671 quas
1016 3603 1181 3656 Waltramus
1200 3603 1238 3672 (c.
1262 3604 1308 3671 16)
1328 3606 1358 3655 de

240 3676 406 3727 Herimanno
433 3680 460 3725 et
485 3674 519 3726 dc
544 3693 635 3743 pugna
659 3679 687 3728 in
711 3679 823 3728 circuitu
850 3679 968 3729 civitatis
989 3678 1217 3744 wirziburgensis
1250 3679 1358 3729 dixerat.

243 3750 272 3815 6)
298 3750 358 3800 Hac
383 3750 412 3799 in
438 3764 467 3799 re
495 3749 613 3802 dilucide
639 3753 767 3819 cognosci
792 3756 888 3817 potest,
914 3752 974 3817 quis
992 3752 1152 3818 scriptorum
1170 3750 1246 3802 illius
1267 3751 1357 3802 astatis

241 3823 410 3889 imperatoris
428 3827 518 3887 partes
537 3831 673 3892 sequatur,
693 3827 752 3893 quis
772 3825 806 3874 ab
829 3825 989 3874 adversariis
1014 3826 1071 3876 eius
1091 3830 1153 3876 stet.
1190 3825 1262 3875 Nam
1288 3839 1357 3874 acer·

241 3896 302 3946 rimi
329 3895 452 3945 vindices
482 3910 581 3948 causae
607 3898 799 3963 Gregorianae,
824 3903 854 3948 ut
880 3897 1031 3948 Barnoldus
1051 3902 1079 3947 11
1104 3896 1168 3949 Chr.
1195 3897 1357 3958 Petershns.,

242 3965 350 4019 silentio
377 3982 431 4018 non
459 3967 545 4020 solum
574 3971 712 4038 perfidiam
738 3972 870 4021 sociorum
893 3977 1073 4037 praetereunt,
1098 3970 1147 4022 sed
1173 3972 1255 4022 stiam
1282 3969 1357 4039 paulo

242 4044 304 4108 post
330 4046 516 4106 recuperatam
541 4046 633 4096 urbem
653 4044 820 4108 Wiraiburg3
846 4043 1024 4096 Ekkehardns
1043 4044 1110 4095 illud
1129 4060 1182 4095 non
1203 4045 1295 4109 tradit,
1313 4041 1358 4096 ssd

242 4119 380 4179 receptam
394 4129 453 4165 esse
465 4117 559 4168 urbem
573 4122 777 4179 commemorat3
795 4117 863 4166 dnn.
877 4117 990 4183 August.
1005 4118 1110 4169 dicunt:
1130 4117 1262 4170 1111111111
1276 4123 1358 4168 autem

243 4186 287 4238 sai
299 4202 367 4251 pars
385 4187 505 4239 masalma
522 4191 619 4253 statim,
639 4196 728 4240 atrum
740 4188 849 4240 consilio
866 4206 902 4239 an
914 4189 1034 4257 ignaria,
1053 4190 1165 4256 turpiter
1183 4196 1260 4258 torpa
1272 4189 1358 4250 uertit,-

243 4262 357 4327 scriptor
370 4262 405 4312 V.
424 4262 537 4314 Henrici
556 4265 635 4327 (1.4)
655 4268 753 4325 narrat,
772 4263 914 4315 nonnullos
935 4265 1040 4331 equites
1060 4267 1151 4331 regias
1170 4267 1255 4332 partis
1275 4265 1357 4316 subito

243 4333 368 4386 mercede
389 4335 536 4388 conductos
556 4352 630 4388 arma
648 4338 676 4386 in
695 4352 787 4403 regem
806 4339 893 4405 ipsum
913 4339 1034 4389 vertisse.
