2812 4830
253 381 304 432 DE
324 379 483 431 UNITATE
503 379 709 432 nocuuslsn
729 379 1007 433 consulturum.
1155 380 1195 430 6?

66 550 116 614 vit
137 548 303 636 filiumque
325 548 395 611 eius
417 547 618 632 Adalgisum,
640 549 674 611 in
697 570 793 634 quem
816 569 890 634 spes
912 559 1064 633 paternae
1084 557 1191 633 tyran-

66 633 154 697 nidis
176 633 331 696 inclinata
344 630 524 714 videbatur,
547 631 587 696 de
608 630 704 697 Italia
724 631 858 719 expulit,
881 641 912 697 ct
928 632 1080 696 Romanis
1095 640 1191 719 atque

66 717 213 781 Adriano
234 717 400 780 Romanae
430 713 586 780 ecclesiae
614 717 731 780 rectori
759 739 811 782 res
839 738 914 780 suas
936 717 1083 797 restituit,
1111 738 1191 803 quas

67 799 195 865 hostilis
216 800 357 865 incursio
380 799 564 882 abstulerat,
586 800 670 865 sicut
689 798 773 865 liber
794 800 834 864 de
848 801 976 885 gestisi
1000 801 1067 864 sius
1084 799 1192 865 Caroli

67 884 223 950 indicata
257 886 337 949 Post
357 883 436 947 haec
452 885 548 949 etiam
572 885 717 969 sequitur
739 895 771 949 et
792 885 879 966 dicit,
902 823 1192 970 quodLotharium

68 967 224 1034 Nicolaus
252 990 339 1054 papa
367 967 410 1032 ad
437 966 654 1033 obediendum
683 971 858 1033 canonicae
884 965 950 1052 legi
976 969 1128 1117 coeperit,
1160 978 1193 1032 et

68 1054 191 1118 invicta
213 1054 391 1118 temeritate
405 1051 567 1116 Adrianus
589 1053 800 1118 damnaverit.
830 1051 925 1117 Certe
946 1075 1009 1117 non
1048 1053 1193 1116 amnavit

69 1137 259 1202 Lotharium
285 1159 394 1222 regem
415 1135 591 1219 Adrianus,
619 1136 678 1201 sod
705 1146 779 1221 post
800 1137 936 1222 primam
964 1148 996 1203 et
1016 1137 1192 1201 secundam

70 1242 161 1286 corre
186 1221 306 1285 tionem
338 1241 398 1306 pro
431 1222 565 1286 crimine
597 1219 763 1302 adulterii,
796 1242 860 1308 quo
916 1220 1021 1287 ublice
1056 1243 1192 1306 regnum

69 1243 299 1387 maculaverat,
320 1306 494 1391 persistens
516 1305 622 1369 adhuc
642 1305 677 1367 in
691 1304 839 1369 sordibus
854 1243 989 1391 deliquit
1009 1307 1079 1391 ipse
1100 1306 1193 1369 iuxta

69 1389 261 1454 sententiam
290 1387 429 1474 apostoli
457 1391 589 1474 proprio
618 1388 739 1453 iudicio
762 1388 1001 1472 condemnatus,
1029 1391 1192 1488 quoniam,
1202 1393 1231 1433 ef·
1241 1392 1262 1434 1·
1270 1390 1323 1434 ⁰0¹·

70 1495 146 1537 cum
168 1472 209 1538 de
231 1493 330 1536 manu
351 1474 454 1558 ipsius
475 1472 637 1558 pontificis
658 1472 701 1538 ad
723 1472 1019 1558 comprobationem
1042 1495 1192 1538 mnocen-
1218 1451 1300 1504 ΠΜ·

69 1558 135 1624 tiae
162 1579 240 1621 suae
268 1579 386 1655 corpus
415 1569 448 1622 et
474 1561 665 1643 sanguinem
692 1558 826 1622 Domini
852 1580 926 1622 reus
953 1558 1100 1643 accipere
1127 1580 1193 1622 non

70 1642 241 1723 timuisset,
270 1640 426 1705 iud1cium
454 1642 516 1707 sibi
544 1641 752 1707 manducavit
773 1651 806 1706 et
827 1642 910 1707 bibit
930 1641 1002 1707 ideo
1027 1665 1068 1707 ue
1089 1643 1193 1706 Roma

69 1748 218 1813 egressus
246 1725 343 1811 paulo
365 1733 438 1810 post
458 1726 494 1788 in
522 1726 652 1790 civitate
674 1725 841 1791 Placentia
867 1724 947 1790 obiit
959 1738 981 1790 ².
1055 1748 1073 1791 o
1095 1728 1192 1792 etiam

69 1809 168 1874 modo
190 1808 391 1873 Heriberdus
412 1831 481 1891 rex,
503 1809 600 1874 frater
615 1808 778 1894 Sigiberdi
792 1811 878 1894 regis
893 1811 1104 1892 Francorum,
1126 1811 1193 1875 Dei

69 1894 192 1959 iudicio
218 1914 390 1979 percussus
419 1904 476 1975 est,
506 1905 678 1980 postquam
700 1916 720 1959 a
742 1906 852 1958 sancto
875 1891 1037 1959 Germano
1062 1894 1193 1958 Parrhi-

70 1979 187 2043 siensis
217 1976 371 2042 ecclesiae
400 1978 554 2076 episcopo
575 1985 707 2063 propter
728 1978 808 2041 duas
831 1999 965 2060 sorores,
988 1976 1109 2064 puellas
1132 1979 1192 2041 sci-

68 2061 147 2128 licet
169 2060 339 2126 derelictae
360 2083 500 2146 regmae,
523 2083 603 2147 quas
625 2084 684 2146 pro
699 2061 843 2146 legitimo
859 2063 1008 2146 coniugio
1022 2073 1194 2147 acceperat

68 2148 106 2212 in
133 2167 263 2223 uxores,
296 2146 594 2209 excommunicatus
616 2156 695 2212 est³.
738 2146 810 2212 Hae
832 2156 907 2211 sunt
933 2146 1096 2227 historiae,
1129 2169 1189 2231 per

71 2252 153 2317 quas
182 2231 329 2295 aestimat
355 2241 434 2293 nos⁸
462 2229 573 2294 induci
601 2251 707 2314 posse,
735 2238 771 2294 ut
793 2229 970 2310 credamus,
992 2230 1192 2295 Henriohum

69 2317 142 2379 iure
170 2335 190 2377 a
212 2312 370 2399 Gregorio
400 2312 587 2378 damnatum
615 2336 684 2378 esso
712 2322 745 2378 et
771 2314 889 2379 exhinc
918 2314 1089 2462 indiqnum
1117 2337 1192 2379 eum

70 2421 142 2464 csse
171 2399 261 2482 regio
291 2399 419 2462 nomine
448 2406 479 2462 et
505 2400 597 2482 regia
624 2406 792 2482 potestate,
820 2420 894 2462 cum
914 2421 980 2463 non
1013 2421 1191 2484 egeremus,

70 2504 256 2569 quenquam
277 2481 318 2545 de
340 2483 458 2546 sanctis
480 2480 625 2568 patribus
647 2482 711 2548 sibi
732 2482 854 2570 aliquid
876 2482 916 2546 de
939 2485 1030 2569 regni
1052 2484 1191 2568 negotiis

70 2587 238 2652 usurpare.
281 2566 360 2630 Non
382 2575 427 2631 est
448 2569 563 2652 ipitur,
590 2567 624 2629 in
647 2567 705 2649 uit,
732 2589 852 2632 novum
880 2567 929 2633 vel
951 2567 1193 2634 ecclesiastiaca

70 2650 138 2737 lapi
169 2650 359 2730 indebitum,
395 2673 489 2736 repes
525 2589 702 2734 apostiltco
736 2650 875 2732 obedire,
907 2675 974 2718 noo
1011 2652 1192 2717 obedientes

70 2735 276 2800 anathemati
304 2735 482 2800 subiacere.
525 2733 621 2800 Certo
651 2732 805 2802 obediens
832 2744 902 2800 erat
928 2758 987 2800 rex
1007 2735 1192 2800 Henriohus

69 2818 269 2905 apostolicae
296 2819 489 2901 auctoritati,
517 2818 645 2906 quando
673 2820 868 2904 promiserat
901 2819 943 2884 ad
973 2821 1081 2884 omnia
1108 2842 1191 2907 quae

69 2904 158 2968 iusta
181 2910 286 2967 essent
314 2924 504 2968 consensum
532 2903 687 2988 praebere
708 2903 854 2968 Romano
902 2903 1033 2986 ontifiei,
1062 2905 1191 2990 quando

70 2989 170 3052 etiam
197 2986 345 3071 deposito
374 2986 462 3052 cultu
489 2987 580 3070 regio
608 2997 639 3051 et
666 2986 779 3051 habitu
802 2925 981 3072 supplicem
1002 3010 1061 3073 per
1083 2989 1193 3053 omnia

69 3094 111 3136 ac
133 3071 351 3157 poenitentem
372 3072 524 3157 proiectis
547 3070 649 3156 culpis
671 3093 741 3136 sese
757 3069 979 3136 Hildebrando
1002 3070 1117 3156 optulit
1130 3094 1190 3136 nec

69 3157 163 3244 prius
186 3156 273 3219 omni
295 3155 401 3220 officio
423 3154 611 3220 humilitatis
633 3155 779 3240 impenso
802 3155 932 3237 destitit,
955 3155 1057 3219 donec
1072 3155 1105 3218 in
1119 3176 1191 3253 gra-

70 3242 152 3304 tiam
181 3260 255 3303 cum
284 3260 370 3326 papa
398 3238 493 3304 rediit
521 3238 620 3304 etad
648 3237 924 3326 comprobandum
955 3238 1190 3304 ecclesiasticae

70 3323 342 3389 reconciliationis
369 3323 587 3389 testimonium
617 3344 742 3388 sacram
763 3324 1024 3388 communionem
1045 3324 1191 3407 corporis

70 3419 104 3476 et
133 3408 300 3491 sanguinis
328 3407 461 3471 Domini
487 3407 527 3473 de
555 3428 654 3471 manu
682 3409 751 3472 eius
779 3408 916 3493 accepit,
945 3429 1088 3471 mensam
1116 3427 1190 3470 cum

69 3495 145 3592 ipso
166 3514 254 3578 papa
275 3492 355 3557 adiit
375 3512 414 3556 ac
436 3490 552 3555 deinde
575 3492 726 3556 dimissus
749 3501 798 3558 est
818 3493 852 3555 in
866 3512 958 3578 pace,
981 3489 1109 3577 qualem
1132 3492 1191 3554 sci-

70 3576 148 3640 hcet
174 3599 288 3662 pacem
316 3575 415 3641 Iudas
444 3576 614 3654 simulavit,
641 3597 706 3640 non
733 3574 861 3661 qualem
883 3575 1030 3641 Christus
1051 3574 1189 3661 reliquit.

70 3661 157 3726 Nam
177 3669 255 3725 tunc
278 3660 389 3726 aderat
410 3667 442 3725 et
461 3658 582 3744 legatio
599 3659 776 3742 Saxonum,
798 3659 939 3725 hostium
961 3658 1084 3724 scilicet
1104 3660 1190 3743 regis

71 3755 106 3811 et
120 3745 340 3831 Gregorianae
354 3744 455 3830 partis
470 3744 640 3824 fautorum,
663 3752 695 3809 et
715 3745 880 3830 rescripsit
901 3745 947 3808 eis
963 3743 1192 3830 quaerentibus

70 3830 306 3915 interrumpere
329 3827 477 3893 omnibus
499 3828 604 3893 modis
625 3829 742 3892 initum
756 3828 1025 3893 reconciliationis
1046 3837 1191 3912 pactum:

71 3914 125 3979 Ne
142 3913 282 3995 solliciti,
305 3913 419 3999 inquit,
442 3914 525 3994 sitio,
548 3914 704 3999 quoniam
727 3912 974 4011 culpabiliorem
997 3935 1068 3976 eum
1090 3913 1191 3976 reddo

70 3999 173 4063 cobis.
217 3997 350 4082 Regalia
377 3995 537 4083 siquidem
567 4004 754 4061 ornamenta
780 3995 989 4061 interdixerat
1016 3996 1095 4080 regi,
1121 3996 1190 4076 utl,

71 4160 95 4215 a)
112 4163 145 4202 isa
160 4162 252 4212 scripsi,⁴
268 4161 417 4202 aestimamus
434 4161 455 4201 l.
514 4157 538 4211 b)
554 4159 587 4198 ita
601 4158 695 4208 arripe&
710 4160 734 4198 et
749 4158 770 4199 l.
787 4157 826 4209 (cs.
841 4159 877 4200 lto.
894 4158 913 4208 1,
928 4169 946 4198 c.
962 4158 992 4209 6).

73 4277 101 4340 1)
121 4276 253 4328 Einhardi
272 4277 336 4327 Vita
356 4272 446 4325 Caroli
465 4287 490 4324 c.
511 4273 536 4324 6.
611 4271 639 4335 2)
665 4272 707 4324 cf.
726 4272 823 4337 Regin.
843 4288 867 4325 a.
888 4270 950 4336 869,
970 4271 1019 4324 SS.
1039 4270 1062 4334 1,
1080 4287 1108 4338 p.
1128 4270 1190 4321 581.

72 4348 104 4417 3)
125 4349 166 4402 cf.
187 4349 300 4417 Gregor.
319 4347 418 4399 'l'uron
438 4345 457 4399 1.
475 4346 523 4410 IV,
544 4362 568 4398 c.
589 4343 634 4401 26.
