2812 4830
257 386 308 437 DE
329 384 488 438 ΠΝΙΤΔΤΕ
508 384 715 438 EOOLESIAE
736 385 1011 440 consulemini.
1142 389 1195 438 117

71 569 138 622 iiiii
155 576 226 621 tenet
236 569 329 637 fidem,
348 567 431 621 uuam
450 585 505 618 non
525 577 593 620 tenet
612 577 635 620 et
654 569 773 622 salutem.
811 554 976 639 Superiori
998 556 1095 621 etiam
1110 578 1194 621 anno

71 637 242 703 defunctus
259 647 329 701 erat
339 633 502 718 Wigoltus
517 636 683 722 Augustae
701 636 781 701 alter
796 639 997 724 episeopus1,
1021 641 1086 726 qui,
1103 640 1193 726 Sige-

72 721 156 788 fiido
179 721 325 786 eiusdem
348 720 486 785 civitatis
512 721 664 806 episeopo
686 719 791 786 adhue
814 725 955 803 vivente,
976 745 1036 808 per
1057 725 1195 810 partium

72 806 181 872 studia
210 813 259 870 est
286 803 565 886 subintroductus,
593 804 649 891 qui
675 805 792 871 furtive
820 807 861 870 ad
890 806 1121 873 ordinationem
1149 810 1195 872 in-

71 912 212 977 gressus,
235 911 293 976 per
309 888 343 953 Si
369 888 504 952 efridum
521 889 731 974 Moguntinae
747 889 900 956 ecclesiae
915 890 1195 978 archiepiscopum

73 973 240 1040 ordinatus
270 982 318 1038 est
346 911 513 1038 dodinae
541 975 576 1037 in
604 973 762 1056 Saxonia,
796 997 870 1040 oum
899 977 1048 1060 Augusta
1081 977 1195 1042 civitas

71 1060 165 1124 iuxta
187 1057 288 1143 Alpes
316 1057 411 1121 sitin
433 1056 556 1123 Rhetia.
597 1056 662 1137 Qui
692 1068 775 1124 certe
803 1082 868 1122 non
897 1060 986 1124 iuxta
1020 1059 1196 1125 solemnem

71 1144 300 1229 episcoporum
328 1163 450 1207 morem
478 1141 611 1207 intravit
639 1164 713 1205 eum
737 1142 814 1208 cleri
837 1153 869 1208 et
889 1143 1000 1229 populi
1022 1144 1194 1230 suffragiis,

71 1227 129 1293 sed
152 1247 228 1290 cum
249 1225 396 1290 hostibus
418 1226 561 1290 eiusdem
585 1227 734 1306 civitatis,
759 1249 840 1314 quae
861 1229 965 1314 primo
982 1229 1111 1315 quidem
1135 1251 1195 1315 per

70 1309 290 1398 proditionem
322 1320 438 1396 capta²
468 1321 499 1376 et
532 1333 591 1396 per
622 1311 847 1396 imperatorem
879 1310 1044 1395 liberam,
1077 1313 1194 1378 deinde

70 1395 170 1461 etiam
193 1404 289 1480 capta
303 1405 352 1459 est
373 1391 519 1459 similiter
539 1418 598 1481 per
613 1394 849 1482 proditionem4
871 1396 958 1461 etad
974 1396 1075 1461 solum
1092 1420 1130 1461 us
1153 1421 1194 1463 ue

70 1479 244 1546 destructa.
288 1478 372 1543 Tum
398 1500 474 1543 vero
506 1480 619 1564 ingens
646 1480 767 1565 praeda
788 1481 874 1544 facta
896 1489 946 1545 est
966 1480 1013 1545 ibi
1036 1504 1077 1546 ex
1098 1420 1194 1548 reius

70 1573 169 1650 atque
198 1562 292 1628 bonis
325 1573 392 1628 tam
424 1560 500 1629 oleri
533 1585 629 1710 (puam
660 1564 782 1649 populi,
819 1564 936 1712 (puibus
966 1566 1053 1651 apud
1086 1567 1195 1632 hostes

70 1646 227 1734 prodesse
248 1669 312 1711 non
334 1646 440 1732 potuit
461 1655 548 1732 temp
561 1670 616 1711 um
630 1647 694 1712 Dei
716 1658 749 1713 et
770 1649 906 1714 eccesia
929 1660 1057 1715 sanetae
1072 1650 1194 1716 Mariae

71 1754 200 1817 semper
228 1732 379 1818 virginis,
406 1731 461 1795 ubi
495 1730 575 1796 haec
607 1732 772 1796 recondita
805 1743 880 1798 sunt
911 1744 1045 1820 propter
1073 1745 1194 1800 metum

69 1814 197 1881 hostilis
219 1815 421 1879 incursionis.
455 1814 484 1880 Ο
506 1837 603 1902 quam
621 1816 726 1880 bonus
746 1827 857 1902 pastor
879 1828 910 1883 et
933 1839 1029 1902 quam
1101 1820 1193 1884 idens

69 1898 213 1965 familiae
234 1900 298 1964 Dei
327 1900 530 1985 dispensator
556 1898 609 1963 ille
633 1901 804 1984 Wigoltus,
834 1901 889 1985 qui
917 1911 1028 1987 utpote
1050 1842 1193 1989 ddipse

70 1985 205 2050 intravit
233 1985 265 2046 in
289 1985 451 2048 civitatem
480 2005 552 2047 oum
579 1983 703 2048 furibus
726 1995 757 2050 et
778 1985 949 2049 homicidis
971 1996 1066 2072 atque
1087 1997 1193 2072 rapto·

69 2067 172 2149 ribuS,
201 2079 236 2133 ut
255 2078 394 2152 raperet,
416 2077 571 2132 mactaret
597 2077 628 2132 et
649 2068 813 2154 perderet!
858 2069 954 2151 Quod
977 2091 1050 2133 oum
1070 2070 1192 2134 factum

70 2155 113 2217 sit
140 2152 222 2216 feria
248 2153 279 2216 4.
308 2161 381 2216 aute
410 2174 541 2217 coenam
569 2152 721 2235 Domini,
750 2163 880 2239 postera
906 2153 959 2218 die
987 2155 1124 2218 accessit
1149 2155 1192 2219 ad

69 2237 171 2302 altare
185 2237 318 2300 Domini
341 2246 372 2301 et
391 2237 539 2301 manibus
562 2237 718 2322 sanguine
740 2237 844 2323 plenis
866 2247 899 2302 et
919 2238 1087 2324 iniquitate
1102 2260 1192 2324 prae·

69 2321 210 2406 sumpsit
239 2320 320 2384 sacri
349 2320 529 2385 chrismatis
559 2323 833 2386 consecrationem
863 2320 925 2386 sibi
955 2344 1124 2409 usurpare,
1153 2346 1192 2388 ac

69 2427 148 2469 mox
170 2414 250 2554 post
268 2403 472 2490 ¹completum
502 2404 641 2469 officium
669 2407 823 2470 infirmari
853 2406 961 2494 coepit
988 2416 1115 2493 etpost
1137 2405 1192 2472 ali-

91 2499 150 2553 uot

69 2512 211 2654 divitaie,
235 2580 347 2722 captus
370 2582 419 2638 est
440 2583 471 2638 et
494 2574 673 2659 Sigefridus
696 2578 871 2676 episeopus
892 2575 982 2641 iuxta
1003 2575 1103 2641 altare
1117 2576 1192 2659 Dei,

92 2680 168 2722 uem
191 2657 299 2723 Wela
328 2657 398 2722 dux
424 2658 587 2758 quondam
609 2660 781 2742 Bavanae,
814 2671 1000 2745 persecutor
1027 2659 1191 2739 ecelesiae,

67 2682 147 2808 iieoit
172 2743 206 2805 in
235 2763 293 2806 sua
322 2742 469 2807 custod1a
496 2744 614 2825 teneri,
642 2744 746 2808 donee
773 2767 842 2809 sese
869 2745 1079 2809 redemisset⁵
1111 2746 1191 2810 tanti

68 2827 290 2893 aestimatione
312 2825 463 2909 thesauri,
487 2836 606 2913 quanta
628 2827 792 2913 suppleret
812 2828 981 2891 avaritiam
1004 2828 1105 2892 hostis
1133 2831 1192 2893 ini-

69 2910 135 2999 qui.
173 2910 318 2975 Honeste
341 2910 471 2997 quidem
494 2909 631 2975 eeclesia
653 2921 685 2974 et
705 2910 856 2994 religiose
878 2915 1023 2996 captivos
1046 2912 1192 2994 redemit,

68 3005 115 3076 ut,
130 3017 206 3059 oum
221 2996 283 3081 ipsi
298 2993 340 3058 ab
356 3016 394 3059 ea
406 2995 615 3076 redimuntur,
637 2995 776 3058 dicatur:
799 2993 857 3058 hos
873 2992 1019 3059 Christus
1038 2996 1192 3080 redemit;

69 3102 186 3145 aurum
209 3082 295 3144 enim
316 3077 453 3145 eeclesia
475 3078 580 3162 habet,
603 3101 668 3142 non
689 3089 726 3143 ut
748 3087 862 3160 servet,
890 3077 947 3142 sed
969 3087 1005 3141 ut
1026 3090 1136 3164 eroget
1161 3092 1193 3146 et

68 3164 243 3230 subveniat
269 3165 302 3226 in
331 3163 590 3242 necessitatibus,
639 3164 692 3227 uia
719 3162 899 3248 redemptio
921 3165 1121 3311 captivorum
1144 3174 1193 3229 est

69 3258 344 3315 sacramentorum
374 3257 514 3312 ornatus.
557 3186 652 3312 Unde
681 3256 712 3311 et
740 3258 869 3312 sanetus
901 3245 963 3310 Am
988 3248 1093 3310 rosius
1127 3249 1192 3333 epi-

70 3355 191 3419 scopus
219 3334 252 3396 in
279 3330 369 3397 libris
399 3332 439 3397 de
462 3331 613 3396 Officiis⁰t
648 3347 714 3399 Vere
732 3346 788 3410 ilia,
813 3331 928 3417 inquit,
951 3354 1013 3396 sunt
1037 3364 1107 3398 vota
1127 3364 1191 3412 pre·

69 3425 152 3488 dosa,
174 3439 242 3489 quoe
257 3422 392 3475 redimunt
405 3423 510 3474 animas
524 3440 541 3472 a
553 3430 643 3485 morte,
664 3428 688 3472 et
705 3419 750 3472 ille
765 3438 845 3473 ueras
864 3428 901 3473 est
919 3420 1060 3470 thesaurus
1072 3418 1191 3482 Domini,

69 3499 117 3565 qui
136 3504 266 3564 operatur
285 3496 356 3562 quod
374 3497 485 3563 sanquis
504 3497 561 3547 eius
580 3503 706 3561 operatua
726 3502 771 3559 eat,
791 3505 815 3548 et
835 3504 897 3547 tuno
916 3511 965 3544 vas
984 3492 1111 3544 dominici
1128 3510 1191 3543 son-

68 3570 160 3640 puim'a
187 3568 348 3637 agnoscitur,
374 3587 432 3620 cum
459 3569 488 3619 in
513 3578 624 3635 utroque
651 3568 748 3619 viderit
772 3567 984 3635 redemptionem,
1011 3574 1041 3616 ut
1067 3567 1137 3617 colim
1158 3566 1191 3616 ab

68 3654 142 3706 hoste
167 3651 289 3716 redimat,
321 3669 386 3718 quos
411 3652 522 3718 sanquis
552 3669 569 3702 a
588 3659 700 3717 peccato
725 3651 844 3703 redemit.
892 3635 981 3719 Ergo
1008 3643 1082 3718 post
1108 3633 1191 3697 duos

68 3719 202 3787 tandem
232 3741 333 3783 annos
362 3717 485 3784 solutus
516 3729 564 3785 est
591 3717 773 3804 Sigefridus
805 3719 977 3804 episeopus
1010 3741 1052 3782 ex
1084 3716 1192 3782 hostili

194 2490 240 2554 ies
263 2510 336 2553 cum
359 2510 477 2574 magno
499 2498 657 2554 tormento
678 2492 778 2556 vitam
800 2491 912 2557 finivit.
957 2489 1063 2577 Capta
1084 2501 1191 2557 autem

69 3866 93 3921 a)
110 3866 185 3910 wem
197 3867 218 3907 1.

70 3989 99 4057 1)
119 3987 256 4054 A.10⁸a;
275 3988 423 4040 seeundum
442 3986 549 4037 Ekkeh.
571 3985 667 4036 chron.
692 4002 719 4052 p.
738 3984 800 4035 207.
821 3990 849 4035 et
866 3985 935 4035 Anu.
955 3985 1069 4048 August.
1086 3999 1113 4048 p.
1130 3981 1191 4034 133.

69 4081 94 4116 a.
117 4061 200 4114 1088.
222 4067 341 4114 mortuus
365 4067 413 4113 est.
489 4056 518 4126 2)
544 4059 696 4110 Secundum
720 4058 848 4110 Bemoldi
868 4057 967 4110 chron.
990 4056 1010 4107 l.
1031 4071 1055 4106 o.
1081 4073 1107 4121 p.
1127 4054 1190 4107 439.

69 4136 199 4201 a.10843
219 4135 366 4188 seeundum
386 4133 493 4184 Ekkeh.
514 4132 612 4182 Ohron.
632 4148 657 4183 a.
673 4130 752 4183 1083.
817 4131 846 4192 3)
865 4131 958 4182 Mense
977 4129 1046 4193 Aug.
1067 4125 1190 4180 a.1084.

69 4211 100 4277 4)
120 4209 275 4263 Secundum
295 4209 363 4260 Anu.
382 4207 495 4271 August.
514 4207 601 4273 pridie
621 4204 663 4256 Id.
676 4205 740 4271 Apr.
760 4221 783 4256 a.
799 4204 878 4268 1088,
895 4205 961 4266 sive,
979 4208 1009 4252 ut
1027 4202 1190 4253 Waltramus

69 4285 147 4350 dicit,
167 4285 236 4335 feria
254 4284 281 4334 4.
306 4289 368 4333 ante
389 4296 500 4332 coenam
519 4280 638 4331 Domini.
719 4277 747 4344 0)
772 4278 813 4330 Cf.
832 4280 901 4330 Anu.
924 4276 1038 4342 August.
1064 4291 1088 4328 a.
1111 4274 1191 4327 1090.

71 4356 102 4424 0)
120 4357 258 4410 Ambrosii
277 4358 367 4424 Opera
384 4354 437 4417 111,
458 4370 485 4420 p.
504 4353 566 4405 123.
