2812 4830
245 383 295 432 DI}
315 381 473 434 UNITATII
493 380 698 432 EOOLESIAE
720 379 992 433 CONSERVANDA.
1144 378 1178 430 65

56 559 164 621 tabeat,
185 556 251 623 qnid
264 555 288 608 ei
301 556 410 622 prodest
427 554 478 606 itta
488 554 661 620 poenitentia,
681 572 740 606 cam
758 555 807 606 isto
820 555 875 606 solo
890 555 989 606 votos
1003 552 1073 605 dieat
1086 559 1179 606 eontra

56 631 191 698 Spiritum
216 635 345 694 sanctam,
370 622 462 695 quoti
488 634 630 680 entraneus
654 635 691 680 est
716 629 750 678 ab
775 629 892 691 ecclesio,
918 645 987 694 quae
1013 627 1112 692 accepit
1130 628 1179 679 too

56 715 168 777 donam,
187 718 217 763 at
229 713 257 762 in
270 728 303 762 aa
315 709 344 761 in
358 709 462 777 Spiritu
472 719 562 761 sancto
568 711 621 776 flat
632 709 751 762 remissio
766 718 944 776 peccatorum.
969 695 1013 758 Ei
1026 696 1177 759 iterum1:

56 787 110 839 Gor
127 785 300 852 impoenitens
320 790 457 848 careatur,
476 800 523 835 nea
543 783 621 835 aliter
633 781 800 850 poenitentia
814 785 943 849 prodesse
962 786 1096 849 credatur,
1123 785 1178 836 nisi

55 867 88 911 at
106 865 229 911 teneatur
254 857 371 921 ercinia,
395 858 442 908 abi
463 854 582 908 remissio
596 866 767 923 peccatoram
794 858 877 908 daton
895 865 919 909 et
937 858 1047 911 societas
1066 856 1177 923 spiritus

55 941 87 993 tn
103 941 182 1008 pacis
199 940 305 992 vineato
324 940 480 991 custoditur.
517 924 608 988 Haec
630 925 743 989 scribit
764 935 893 989 sanctus
914 924 1115 1012 Augustinus
1138 925 1178 990 de
1189 942 1251 998 (xvi

57 1008 218 1074 catholica
232 1005 378 1086 ecclesia,
400 1007 457 1071 ubi
472 1008 646 1074 concordat
660 1008 877 1074 membrorum
899 1010 1004 1075 unitas
1025 1033 1084 1096 per
1099 1011 1178 1074 cari-

56 1094 135 1158 tatis
150 1101 182 1158 et
196 1092 286 1177 pacis
302 1092 416 1156 studia.
452 1091 562 1157 Unde:
583 1109 619 1160 In
637 1125 700 1170 ono,
719 1093 824 1178 inquit
832 1104 853 1174 ²,
876 1113 961 1171 estote,
988 1124 1071 1158 onam
1090 1115 1177 1174 eante,

55 1209 130 1245 anas
149 1197 234 1254 estote,
255 1185 300 1238 et:
327 1191 381 1243 Vae
399 1190 460 1256 iltis,
480 1191 527 1258 qai
548 1192 661 1243 oderant
682 1191 810 1243 unitatem
832 1190 963 1251 corbeiae,
979 1198 1178 1255 praesumentes

55 1274 87 1326 tn
113 1271 260 1325 temtatori
278 1279 372 1340 porres
388 1274 493 1339 faeere
530 1259 628 1343 Ergo,
656 1260 739 1322 sicut
765 1258 851 1323 idem
872 1258 1074 1342 Augustinus
1102 1260 1178 1342 ait⁸,

56 1357 209 1408 Faustinus
228 1355 307 1422 parti
320 1365 456 1421 praeerat,
480 1374 534 1408 non
553 1357 689 1419 ecclesiam
711 1343 803 1407 iuxta
824 1343 912 1428 quod
933 1350 965 1406 ei
985 1340 1179 1408 Hildebrant

56 1425 145 1512 parti
172 1445 248 1488 suae
275 1432 431 1507 praeerat,
459 1445 524 1487 non
551 1423 716 1508 ecclcsiae,
743 1424 869 1511 qualem
902 1423 1025 1491 scilicet
1053 1437 1178 1511 partem

56 1508 173 1573 scribit
196 1506 327 1594 quidam
349 1507 389 1571 de
411 1507 624 1593 participibus
647 1510 713 1573 suis
735 1510 904 1576 defendere
926 1510 1082 1595 coepisse.
1114 1510 1179 1577 Sed

58 1591 210 1657 Gelasius
231 1600 351 1676 papa⁴2
386 1606 462 1668 Quae
478 1605 627 1676 prioilepio,
647 1593 759 1681 inquii,
784 1611 944 1663 aniversalis
969 1609 1092 1661 ecciesiae
1117 1626 1178 1662 con·

51 1691 148 1755 ¹traria
162 1690 321 1756 prodantur,
340 1690 418 1741 nnita
435 1689 537 1740 ratione
555 1689 717 1756 subsistant5
736 1699 810 1763 pars
832 1688 940 1743 autem
961 1677 1058 1761 longe
1081 1675 1179 1742 distat

57 1781 78 1823 a
106 1766 184 1840 toto,
214 1756 301 1856 quod
328 1767 376 1822 est
395 1756 585 1839 universale,
607 1757 744 1848 ideoque
765 1762 896 1826 inferior
920 1769 1027 1848 potest
1048 1761 1177 1847 quidem

56 1843 161 1910 errori
182 1841 313 1906 cuilibet
329 1840 494 1906 involvere
508 1839 659 1988 alispuem,
681 1866 746 1909 non
760 1843 938 1911 absolvere.
974 1845 1087 1931 Igitur,
1109 1845 1178 1909 sive

55 1929 101 1993 sit
122 1925 175 1991 ille
198 1925 384 2010 Gregorius,
409 1926 477 1989 sive
500 1923 555 1988 Hil
579 1926 703 2012 ebrant,
730 1929 781 1994 vel
807 1930 889 1994 adius
918 1930 1099 2016 quisquam,
1121 1929 1178 2013 qui

56 2020 187 2098 praeest
213 2010 307 2095 parti,
334 2031 399 2073 non
425 2007 589 2090 ecclesiae,
618 2033 682 2075 non
711 2015 816 2099 potuit
837 2012 1037 2079 Henrichum
1065 2033 1177 2094 regem

57 2097 223 2176 damnare,
247 2095 303 2180 qni
318 2104 403 2158 certe
424 2093 486 2157 hoc
508 2093 623 2176 studet,
645 2096 706 2161 hoo
722 2107 812 2183 optat
834 2107 866 2164 et
880 2099 1021 2161 maxime
1043 2094 1176 2177 laborat,

55 2191 95 2244 ut
117 2180 174 2243 fiat
194 2201 294 2242 unum
311 2199 428 2264 corpus
444 2175 608 2260 ecclesiae,
631 2183 781 2266 quatinus
803 2182 936 2268 perinde
958 2183 1054 2246 etiam
1074 2181 1177 2265 possit

56 2265 130 2330 fieri
158 2285 259 2327 unum
286 2284 403 2361 corpus
424 2263 471 2326 rei
492 2261 656 2346 publicae3
683 2265 778 2331 fuerit
805 2289 882 2331 sane
910 2288 1028 2347 errans,
1050 2263 1176 2349 qualem

57 2348 213 2414 describit
242 2345 412 2412 Gelasms⁵
438 2367 526 2430 papa
555 2368 620 2410 non
651 2370 746 2434 posse
780 2353 847 2415 sine
876 2372 981 2436 poena
1012 2371 1093 2413 esse.
1136 2361 1178 2415 Sit

56 2448 150 2518 ipitar,
169 2432 282 2517 inquii,
305 2445 407 2498 erranti
425 2445 498 2496 dicta
514 2462 602 2510 poena
613 2447 678 2512 fore
691 2457 834 2516 perpetua,
850 2450 883 2499 sit
902 2448 1003 2500 erranti
1018 2449 1090 2499 dicto
1107 2464 1177 2498 nnn·

55 2541 141 2590 qaam
165 2539 219 2574 esse
242 2520 385 2581 soloenda5
403 2534 457 2584 qua
482 2516 505 2568 si
523 2535 617 2570 errans
642 2539 696 2574 esse
721 2522 857 2587 destiterit,
872 2540 970 2587 poena,
989 2537 1058 2587 qnae
1077 2518 1178 2572 erranti

56 2603 98 2649 est
113 2595 240 2662 praefixa
256 2599 395 2661 perpetua,
413 2609 467 2642 non
486 2594 596 2657 erranti,
614 2592 645 2646 id
663 2603 700 2647 est
719 2596 817 2648 utiterc
835 2597 922 2662 effecto
940 2613 1021 2661 quom
1039 2594 1083 2646 eui
1096 2610 1177 2660 prae-

54 2672 116 2736 fixa
135 2677 181 2733 est,
206 2686 260 2719 non
284 2669 368 2718 sotum
390 2682 444 2716 non
458 2671 545 2730 potest
569 2683 624 2718 esse
638 2678 779 2735 perpetua,
804 2670 851 2721 sed
869 2687 917 2720 nec
936 2685 990 2721 esse
1008 2667 1063 2718 iam
1076 2684 1176 2735 poena.

58 2743 125 2794 Non
139 2751 177 2794 est
196 2741 264 2793 enim
283 2741 348 2806 ipse,
368 2737 411 2790 eui
420 2739 546 2819 propina
559 2746 609 2802 est,·
628 2742 731 2795 erranti
746 2742 816 2794 enim
829 2743 955 2809 praefica
968 2750 1015 2806 est,
1034 2759 1088 2792 non
1100 2733 1177 2792 iton(¹

56 2823 171 2877 erranti.
211 2821 285 2886 Quae
305 2821 381 2884 enim,
401 2807 515 2890 inquit,
541 2823 642 2872 erranti
658 2825 784 2891 praefixa
800 2831 932 2890 perpetua
953 2832 989 2875 est
1008 2833 1032 2875 et
1049 2831 1176 2888 perpetuo

56 2903 216 2971 constringit
243 2913 385 2968 errantem,
412 2921 466 2955 non
495 2911 626 2954 errantem
653 2924 707 2957 non
726 2912 814 2973 potest
838 2903 893 2955 iam
919 2913 1012 2957 tenere.
1058 2889 1178 2955 Contra

56 2974 140 3038 haec
161 2980 345 3036 sanctorum
367 2980 494 3055 patrum
515 2972 697 3036 testimonia
718 2974 838 3058 siquid
853 2972 1056 3036 adversarius
1071 2983 1178 3039 noster

56 3079 111 3122 res
138 3055 255 3120 ondere
281 3055 408 3134 habeat,
437 3055 534 3137 dicat,
563 3056 618 3202 pui
647 3079 681 3122 se
701 3058 800 3121 iactat
820 3078 915 3141 posse
937 3054 1030 3119 nobis
1052 3080 1110 3143 per
1131 3058 1178 3120 in-

57 3078 226 3206 troductas
248 3161 354 3203 rerum
368 3138 515 3203 historias
537 3140 563 3202 si
578 3141 698 3205 entium
719 3142 893 3226 imponere,
917 3140 973 3224 qui
994 3149 1082 3204 tanto
1103 3138 1177 3226 plus

56 3247 119 3289 nos
150 3234 279 3288 exercet
305 3244 364 3288 sua
390 3221 561 3305 locutione,
591 3235 708 3310 quanto
735 3224 808 3310 plus
830 3222 882 3288 ille
903 3222 1033 3288 videtur
1054 3246 1176 3306 errare3

58 3307 149 3396 quod
190 3309 286 3372 etiam
320 3328 421 3371 unum
459 3329 528 3370 esse
564 3306 764 3374 beneficium¹
797 3308 922 3373 divinae
958 3308 1177 3393 providentiae

57 3399 230 3458 attestatur
252 3399 380 3456 sanctus
402 3392 634 3474 Augustinusr,
656 3417 685 3460 ai
711 3410 757 3476 qut
773 3406 847 3476 forts
870 3413 932 3458 sam
952 3405 1098 3472 plurimam
1113 3425 1177 3472 pro-

58 3483 114 3536 sint
126 3482 263 3549 fidetibas,
288 3499 343 3533 non
357 3498 449 3534 oerum
468 3482 539 3546 quod
557 3482 677 3535 nesciunt
700 3483 826 3546 docendo,
852 3481 899 3532 sed
926 3483 962 3532 ad
984 3497 1074 3531 oerum
1097 3497 1178 3545 qaae-

58 3558 174 3609 rendum
202 3560 226 3606 et
250 3555 287 3605 ad
312 3571 402 3606 veram
429 3553 603 3618 operiendam
629 3556 768 3608 catholicos
794 3552 943 3617 excitando,
970 3570 1004 3605 ne
1031 3552 1180 3619 imperitiae

56 3636 168 3698 nostrae
193 3629 305 3681 tenebris
330 3628 451 3680 delectati
476 3627 591 3680 dormire
615 3629 839 3698 mopisoetimus,
859 3629 1041 3694 quinionem
1059 3626 1180 3679 veritatis

55 3713 169 3764 intueri.
199 3709 253 3763 Sed
272 3719 302 3761 ut
320 3709 390 3773 huie,
410 3696 523 3779 inquit,
546 3712 724 3777 querimoniae
742 3710 875 3763 silentium
887 3711 1033 3776 imponant,
1053 3708 1181 3762 inclinent

57 3894 196 3993 ²313er
213 3894 269 3944 Auo.
344 3893 368 3947 b)
385 3905 430 3944 quo
446 3894 503 3945 Any.
580 3892 601 3945 c)
618 3894 687 3934 altori
703 3894 774 3934 Getas.
856 3891 879 3944 d)
895 3893 950 3932 deest
967 3895 987 3940 1,
1003 3894 1040 3932 sed
1056 3895 1100 3934 tam
1115 3893 1180 3934 Fret.

55 3966 74 3993 a
105 3955 153 3994 itt.

60 4120 90 4187 1)
107 4123 140 4172 L.
155 4137 179 4172 c.
196 4139 223 4188 p.
237 4121 299 4171 403.
320 4121 381 4172 404.
457 4121 485 4186 2)
502 4120 644 4185 Augustini
664 4121 753 4187 Opera
770 4121 861 4188 111,2,
882 4138 908 4186 p.
920 4119 984 4170 387.
1058 4118 1087 4186 3)
1107 4119 1180 4170 Ibid.

57 4215 83 4262 p.
100 4195 164 4246 340.
223 4193 252 4259 4)
271 4193 395 4261 Epistula
415 4192 518 4245 Gelasii
538 4193 572 4243 ds
586 4194 764 4245 anathematis
776 4189 884 4244 vinculo
903 4209 946 4258 ap.
960 4193 1056 4254 Mansi,
1077 4192 1182 4243 Concil.

58 4270 140 4333 VIII,
159 4286 186 4335 p.
202 4267 246 4318 88.
298 4269 326 4332 5)
345 4267 423 4317 Thiel
442 4267 460 4318 l.
476 4283 499 4317 c.
519 4272 583 4318 tom.
597 4267 620 4330 I,
639 4272 717 4318 tract.
730 4268 777 4331 IV,
796 4283 824 4332 p.
838 4267 900 4318 560.
920 4266 984 4316 561.
1042 4266 1068 4329 6)
1088 4267 1182 4330 Augu-

59 4346 158 4403 stinus,
178 4343 220 4392 De
240 4357 305 4392 vera
324 4340 456 4406 religione
477 4356 501 4390 c.
522 4341 571 4403 153
590 4340 680 4406 Opera
698 4341 722 4401 Ι,
742 4359 767 4406 p.
790 4342 850 4390 753.

932 4424 947 4470 ὅ
