2812 4830
231 391 264 441 16
425 391 475 440 DE
494 389 653 440 UNITATE
671 386 875 439 nccnnstnlt
897 385 1173 439 consentinus.

229 560 300 643 ipsa
328 579 456 643 quoque
484 565 616 620 sauctus
636 554 827 620 Ambrosius
856 552 1026 619 ecclesiam
1053 575 1118 616 non
1145 552 1265 634 divisit,
1297 555 1356 618 sed

231 665 269 706 ea
296 662 378 727 quae
407 641 545 705 caesaris
575 648 649 705 sunt
677 639 798 703 caesari
830 649 861 703 et
883 660 964 723 quae
986 639 1050 702 Dei
1078 638 1150 702 Deo
1179 637 1356 702 reddenda

231 746 301 792 esse
316 724 434 806 docuit,
457 725 512 811 qui
527 723 744 788 Theodosium
760 721 890 809 quidem
905 723 1128 808 imperatorem
1145 720 1354 806 compulsum

230 807 369 873 tumultu
396 807 596 894 quorundam
626 808 682 893 qui
710 807 740 870 ei
769 805 990 888 cohaerebant,
1022 805 1186 871 vindicare
1214 805 1355 871 Thessa·

230 892 439 957 lonicensium
460 891 560 956 scelus
582 891 819 977 gravissimum,
843 889 1058 954 ecclesiastica
1087 891 1231 954 coercuit
1259 890 1355 955 disci·

231 975 335 1075 plina,
358 998 453 1062 quem
474 978 556 1040 inter
580 975 642 1039 alia
663 974 852 1040 eruditionis
874 975 974 1039 verba
995 972 1168 1059 alloquitur
1188 975 1244 1057 ita,
1269 976 1355 1038 sicut

231 1083 266 1123 m
295 1059 512 1124 ecclesiastica
543 1059 679 1144 legitur·
715 1058 848 1122 historia
881 1079 963 1144 quae
993 1057 1109 1122 dieitur
1136 1057 1353 1143 Tripertita¹z

233 1150 419 1215 Coaequalium
443 1148 577 1201 hominum
605 1158 629 1201 et
654 1165 837 1200 consermrum
857 1149 983 1214 princeps
1007 1165 1076 1211 es,o
1102 1146 1257 1213 imperator,
1282 1166 1353 1201 unus

232 1231 320 1274 autem
338 1222 452 1274 omnium
472 1232 510 1274 est
522 1222 663 1285 Dominus,
683 1239 731 1274 ren
751 1222 867 1272 omnium
886 1229 910 1274 et
928 1229 1038 1284 neuter,
1059 1221 1134 1271 cuius
1153 1237 1226 1272 nunc
1246 1221 1353 1288 suscipe

232 1297 366 1348 uinculum
381 1314 434 1362 pro
454 1296 535 1347 caede
548 1295 647 1361 pependi
664 1312 718 1345 non
732 1295 908 1360 praecedente
927 1293 1024 1346 iudicio
1038 1300 1204 1360 perpetrata,
1225 1295 1353 1362 quoniam

232 1369 364 1422 medicina
389 1369 454 1420 lsaec
473 1377 510 1419 est
534 1367 658 1420 sanitatis
676 1367 801 1420 manime.
839 1366 874 1418 At
893 1366 1036 1434 imperator
1054 1368 1155 1432 inquit:
1177 1367 1267 1419 Tuum
1287 1387 1353 1437 opus

234 1451 272 1495 est
294 1450 318 1493 ct
343 1443 435 1492 docere
464 1449 487 1492 et
511 1441 688 1492 medicamina
712 1449 864 1506 temperare,
890 1457 976 1492 meum
1000 1457 1061 1492 uero
1090 1441 1180 1492 oblata
1206 1443 1352 1509 suscipere.

238 1515 313 1565 Tunc
331 1513 485 1565 Ambrosius
505 1512 649 1577 admonuit,
669 1515 748 1580 iepcm
767 1530 824 1565 eum
839 1512 942 1565 sanare
961 1513 989 1564 in
1000 1522 1144 1579 posterum,
1164 1522 1194 1564 ut
1205 1515 1352 1568 sententiae

229 1586 386 1654 principum
411 1604 491 1653 super
515 1587 744 1638 animaduersione
768 1586 939 1653 differrentur
963 1587 996 1637 ab
1022 1587 1202 1639 executoribus
1227 1589 1258 1639 in
1284 1589 1353 1641 diem

236 1661 404 1727 tripesimum,
424 1677 473 1726 quo
493 1662 566 1711 meas
583 1659 779 1711 misericordiae
799 1661 847 1722 uel,
868 1660 951 1711 sires
971 1660 1081 1724 intimet,
1097 1659 1281 1725 poenitentiae
1300 1680 1352 1714 non

234 1734 341 1799 periret.
367 1733 464 1783 Paruit
481 1733 624 1799 imperator
647 1733 808 1785 tneodostus
828 1741 852 1784 et
870 1733 1005 1784 uinculum
1024 1733 1080 1784 eius
1096 1733 1173 1785 soluit
1185 1734 1352 1787 Ambrosius.

237 1807 291 1869 Qui
303 1807 380 1857 etiam
394 1807 507 1858 decorum
521 1807 696 1872 differentiam
709 1805 738 1856 in
751 1807 860 1857 eeclesia
873 1815 935 1858 tunc
948 1807 1045 1870 docuit,
1056 1807 1163 1872 quando
1174 1808 1261 1860 eidem
1273 1809 1353 1875 impe·

235 1880 320 1931 reteri
331 1888 394 1944 post
406 1880 528 1930 oblatam
540 1897 637 1931 munus
657 1879 694 1930 ad
713 1880 806 1942 altare,
826 1879 902 1931 iuxta
920 1879 991 1944 quod
1009 1879 1039 1930 in
1059 1879 1353 1946 Constantinopolitano

236 1954 344 2005 ecclesia
368 1954 461 2004 solitus
492 1959 548 2004 erat
578 1970 664 2020 apere,
697 1951 844 2014 sustinenti,
876 1953 948 2002 intra
977 1954 1104 2004 cancellos
1130 1971 1272 2006 sacrorum
1290 1973 1352 2022 pcr-

237 2026 377 2092 ceptionem
401 2025 584 2092 mysteriorum
609 2026 777 2076 remandavit
801 2041 854 2090 per
881 2025 1106 2077 archidiaconum.
1147 2027 1169 2077 0
1197 2029 1352 2095 imperiur,

235 2100 363 2151 interiora
382 2101 440 2151 loca
459 2108 562 2160 tantum
580 2098 760 2151 sacerdotibus
779 2107 840 2149 sunt
859 2099 964 2161 collata,
984 2115 1052 2164 quae
1075 2100 1152 2151 ceteri
1175 2119 1224 2152 nec
1248 2101 1354 2170 inpredi

236 2190 282 2224 nec
311 2173 457 2238 continpere
480 2171 686 2237 permittuntum
707 2187 833 2236 purpura
859 2188 973 2236 namque
1001 2171 1171 2237 imperatores
1187 2177 1271 2240 facit,
1301 2193 1353 2228 nen

236 2246 392 2297 sacerdotes.
429 2245 466 2294 Et
490 2246 517 2295 in
543 2246 707 2309 torqueque
725 2260 786 2294 mon
805 2260 923 2311 epressus
942 2242 1195 2310 imperatorparuit
1214 2247 1353 2315 ipsamque

237 2333 396 2369 communem
415 2334 474 2368 cum
487 2319 578 2368 ceteris
590 2317 808 2382 exspectationem
826 2318 948 2383 deinceps
967 2318 1083 2368 serravit
1100 2320 1246 2372 admodum
1260 2322 1351 2384 laetus,

237 2399 326 2455 utpote
345 2383 474 2442 enutritus
493 2389 592 2440 divinis
611 2389 818 2450 eruditionibus,·
843 2391 914 2455 qaod
937 2390 983 2440 aie
1008 2392 1121 2455 tandem,
1142 2393 1288 2460 sicutipse
1309 2395 1352 2456 ait,

237 2464 337 2514 discere
365 2463 390 2513 ei
415 2461 558 2529 contiperit,
587 2479 655 2528 quae
682 2460 833 2528 differentia
857 2464 891 2514 sit
913 2463 949 2514 im
970 2464 1081 2515 eratcris
1106 2473 1130 2515 ct
1149 2466 1305 2530 sacerdotis,
1331 2475 1353 2518 ct

237 2546 309 2611 quod
328 2543 373 2595 nire
391 2545 445 2593 iarn
463 2544 594 2595 invenerit
611 2543 765 2612 mapistrum
787 2544 914 2596 veritatis.
984 2552 1040 2593 cce
1058 2529 1113 2594 illa
1134 2535 1354 2598 excommuni-

237 2613 330 2691 catio,
354 2632 450 2696 quam
472 2609 557 2675 utilis
574 2620 642 2675 erat
657 2611 810 2677 ecclesiae
850 2614 945 2678 ariter
965 2623 1061 2700 atque
1082 2616 1146 2699 ipsi
1167 2617 1354 2701 imperatori

237 2694 430 2776 Theodosio,
458 2716 539 2780 quae
568 2716 653 2758 nunc
679 2697 712 2758 in
739 2717 786 2777 ea,
817 2634 944 2783 isque
965 2701 1080 2783 agitur,
1102 2699 1264 2784 scriptura
1285 2722 1354 2800 pro-

236 2778 334 2842 dendi
361 2779 517 2843 scismatis
546 2780 674 2864 ponitur
701 2778 860 2865 exemplo,
888 2803 951 2866 quo
974 2792 1163 2868 separentur
1190 2785 1353 2871 principes

236 2861 288 2926 vel
315 2862 430 2926 milites
456 2862 673 2948 reipublicae
699 2863 739 2928 ab
767 2866 968 2948 imperatoris
995 2867 1044 2930 sui
1072 2869 1232 2932 consortio
1262 2867 1355 2934 simul

238 2956 270 3010 et
292 2946 456 3045 obsequio.
485 2946 597 3032 Neque
612 2950 697 3012 enim
718 2947 780 3012 tale
803 2949 924 3034 aliquid
943 2959 1155 3036 temptaverat
1176 2951 1231 3017 ille
1246 2975 1355 3017 murus

90 3075 93 3081 ,
141 3074 163 3087 «.
237 3039 270 3094 et
291 3040 384 3095 turns
406 3030 604 3096 validissima
620 3031 783 3113 eeclesiae,
805 3033 1006 3116 Ambrosius,
1029 3035 1157 3120 quando
1173 3037 1274 3102 etiam
1289 3037 1355 3124 pul-

158 3136 160 3138 ·
237 3116 367 3179 sabatur
392 3137 450 3214 pro
478 3117 583 3180 studio
611 3111 824 3180 hereticorum
850 3115 1065 3182 Valentiniani
1090 3121 1298 3205 imperatoris
1327 3130 1356 3186 et

236 3200 346 3263 matris
374 3222 441 3263 erus
463 3201 605 3264 Iustinae
626 3201 720 3262 minis
742 3210 839 3284 atque
860 3201 1057 3273 verberibus.
1102 3202 1198 3269 Unde
1221 3216 1254 3271 et
1275 3208 1355 3272 inter

235 3281 299 3346 alia
321 3284 476 3347 virtutum
498 3304 628 3346 suarum
649 3283 788 3367 insignia
810 3282 951 3368 loquitur
980 3286 1019 3351 de
1047 3309 1084 3350 eo
1115 3287 1215 3373 digna
1237 3311 1355 3356 memo-

236 3367 303 3430 riae
319 3369 511 3451 scriptura²:
534 3381 715 3445 Venerandus‚
732 3368 888 3452 inquiens,
903 3382 1057 3436 Ambrosius
1068 3404 1120 3451 pro
1135 3387 1285 3441 catholicae
1296 3387 1355 3451 fidei

237 3457 346 3519 unitate,
372 3473 426 3505 non
454 3472 513 3505 cam
536 3453 634 3514 cetems,
660 3455 707 3505 sed
726 3474 779 3522 pro
807 3457 897 3508 ceteris
916 3458 984 3508 mori
1007 3459 1082 3525 clepit
1089 3478 1099 3521 ,-
1123 3477 1177 3510 non
1203 3460 1276 3513 enim
1300 3480 1354 3514 cum

233 3528 407 3595 pereuntibus
423 3527 514 3592 perire
527 3526 616 3591 uoluit,
635 3527 682 3577 sed
694 3537 724 3579 ut
736 3531 904 3581 sulcarentur
924 3529 979 3593 alii,
999 3531 1055 3596 ipse
1074 3548 1101 3583 se
1111 3533 1235 3599 periculo
1255 3536 1353 3602 saepis

238 3602 301 3652 sime
330 3602 411 3652 dedit.
449 3600 486 3650 Et
511 3615 570 3649 eum
597 3601 771 3654 mandaretur
799 3603 824 3654 ei
852 3603 884 3653 ai
912 3604 1070 3668 imperatore
1102 3607 1176 3657 tradi
1208 3607 1352 3672 basilimm,

237 3675 389 3738 respondit:
408 3674 474 3724 ‘Nec
485 3670 566 3734 mihi',
586 3672 735 3738 inquiens²,
756 3676 807 3741 ‘sas
824 3684 860 3726 est
874 3678 989 3740 tradere,
1008 3694 1056 3728 neo
1071 3677 1118 3728 tibi
1132 3677 1262 3746 accipere,
1276 3683 1353 3749 impe-

166 3777 168 3781 *
238 3754 321 3810 rator,
347 3745 461 3812 expedit,
485 3745 566 3812 ipitur
591 3746 645 3795 noli
667 3748 786 3813 precari,
813 3757 843 3798 ut
868 3758 948 3814 putes
973 3759 996 3801 te
1021 3751 1050 3800 in
1077 3745 1140 3814 aab,
1165 3769 1236 3817 quae
1261 3755 1353 3807 diuina

239 3827 301 3870 sunt
319 3819 455 3884 imperiale
474 3817 583 3884 aliquod
601 3818 643 3868 ias
662 3821 767 3883 dobere,
792 3821 848 3872 noli
871 3831 895 3874 te
913 3824 1043 3886 extollere,
1070 3825 1125 3887 sed,
1149 3827 1174 3877 si
1192 3827 1235 3880 uis
1255 3829 1353 3880 diutius

237 3893 378 3957 imperare,
398 3898 449 3944 esto
462 3893 583 3943 subditus
595 3892 661 3956 Dec,
682 3894 807 3958 quoniam
820 3894 1008 3960 scriptumest:
1030 3897 1105 3959 Quae
1117 3898 1184 3963 Dec,
1202 3901 1272 3966 Dco,
1292 3919 1354 3969 quae

240 3966 351 4029 caesari,
370 3966 480 4016 caesari.
518 3964 562 4016 Ad
580 3965 769 4032 inperatorem,
788 3967 881 4033 inquit,
902 3970 1013 4035 palatia
1034 3972 1178 4037 pertinent,
1210 3975 1248 4026 ad
1261 3992 1354 4028 sacer

239 4094 262 4147 a)
280 4096 383 4144 loquitur
399 4097 418 4136 1.
477 4093 501 4146 b)
517 4099 539 4135 ts
555 4105 607 4134 mes
624 4097 644 4136 1.

241 4209 269 4274 1)
289 4212 408 4261 Historia
427 4211 560 4276 tripertita
579 4209 627 4271 IX,
641 4209 685 4270 30,
706 4207 860 4261 cassiodori
880 4214 978 4279 Opera,
997 4216 1093 4266 Venet.
1106 4214 1185 4280 1729,
1206 4218 1231 4282 Ι,
1250 4233 1280 4284 p.
1296 4218 1353 4268 319.

239 4285 302 4347 320,
323 4285 396 4334 cuius
416 4283 593 4333 narrationem
613 4282 761 4332 breviorem
788 4283 913 4338 reddidit.
988 4285 1016 4352 2)
1043 4289 1118 4351 Quas
1144 4290 1180 4341 sit
1205 4293 1352 4352 nescimus;

239 4357 449 4483 ppplhanesszm
469 4357 528 4421 ipse
541 4355 696 4407 Ambrosius
716 4357 817 4408 eisdem
837 4358 893 4410 fers
912 4361 1001 4412 verbis
1020 4368 1119 4422 narrat,
1140 4379 1184 4430 ep.
1199 4364 1246 4430 20,
1265 4367 1352 4431 Migne

307 4449 359 4497 ‚n
435 4468 442 4482 ·
