2812 4830
174 340 211 389 38
360 339 411 390 DE
430 339 591 391 UNITATE
611 337 817 390 ECCLESIAE
838 335 1118 388 CONSERVANDA.

175 510 324 572 servierit
339 507 647 571 Nabuchodonosor
668 509 741 590 reqi
755 505 949 591 Babylonis,
971 513 1000 566 et
1022 502 1218 586 quicunque
1239 520 1300 562 non

174 594 363 655 curvaverit
378 590 495 655 collum
517 614 613 654 suum
628 591 685 653 sith
701 593 781 675 inqo
803 592 891 674 reqis
907 585 1106 671 Babylonis,
1130 586 1169 646 in
1193 582 1300 668 qiudio

175 684 204 738 et
223 676 320 758 fame
349 685 378 737 et
406 677 463 738 siti
490 685 518 737 et
545 685 636 759 peste
663 675 801 738 visitabo
831 693 931 755 super
959 679 1086 756 qentem
1122 667 1234 748 iilam,
1262 669 1302 730 ait

174 759 349 838 Dominus,
378 757 477 822 donec
499 780 686 822 consumam
715 780 767 821 eos
796 759 832 820 in
859 777 961 818 manu
986 755 1068 817 cius.
1114 751 1133 815 Ι
1161 754 1191 815 si
1213 751 1303 815 etiam

31 900 52 939 Ε
68 898 110 939 aa
128 899 155 938 n
173 843 245 926 regi
270 841 571 906 Nabuchodonosor
597 844 760 906 iuraverat
788 837 961 904 Sedeehias
993 857 1054 900 rex
1086 774 1187 916 luia,
1220 835 1303 899 cuius

36 911 299 1000 13191203scilicet
326 927 504 1010 periurium
532 928 579 990 ita
606 927 752 990 insecuta
780 933 828 987 est
854 922 932 986 ultio
960 919 1109 984 divium:
1144 920 1223 984 Vnm
1243 940 1303 1003 eqo,

175 1012 255 1074 dicit
265 1011 440 1091 Dominus,
456 1013 611 1097 quoniam
625 1013 855 1088 iuramentum,
871 1007 958 1093 quod
972 1006 1109 1088 sprevit,
1122 1013 1153 1065 et
1160 1012 1302 1087 pactum,

174 1094 264 1179 quod
286 1097 545 1178 praevaricatus
575 1104 631 1175 est,
655 1094 842 1176 ponamin
864 1099 965 1173 caput
987 1091 1070 1169 eius,
1095 1097 1127 1150 et
1151 1088 1304 1151 morietur

173 1179 210 1242 in
220 1180 523 1262 praevaricatione,
560 1201 606 1241 ua
621 1179 769 1262 despevit
782 1199 839 1239 me.
866 1174 931 1247 Qui
945 1177 1032 1237 enim
1047 1171 1150 1236 solvit
1159 1179 1303 1256 pactum,

173 1263 329 1346 nunquid
351 1284 366 1324 e
393 1261 502 1346 uqiet?
549 1264 607 1325 icit
628 1262 803 1329 Dominus.

67 1353 163 1408 (XV111)
263 1345 310 1407 17.
375 1357 479 1409 ertum
502 1354 558 1425 est,
581 1345 657 1430 quia
678 1366 792 1408 verum
814 1351 872 1418 est,
894 1338 981 1426 quod
997 1337 1205 1403 Hildebrant
1226 1355 1305 1422 papa

173 1429 379 1512 temptaverit
405 1427 527 1491 solvere
556 1429 747 1514 scripturam
769 1425 903 1491 Domini
930 1434 961 1488 et
983 1423 1143 1486 mandata
1166 1421 1305 1498 Domini,

174 1533 257 1597 quae
285 1521 360 1576 sunt
389 1511 429 1574 de
458 1513 580 1576 unitate
609 1511 763 1576 ecclesiae
786 1509 915 1590 Christi,
938 1528 1020 1593 quae
1044 1514 1124 1569 sunt
1148 1507 1251 1571 etiam
1271 1503 1305 1568 da

9 1615 95 1659 anim.
106 1615 166 1666 nm.
175 1604 376 1658 sacramento
405 1594 490 1663 fidei.
540 1595 606 1659 Sed
628 1595 764 1676 firmum
783 1593 1046 1678 fundamentum
1073 1591 1145 1654 Dei
1175 1598 1253 1671 stat,
1279 1597 1306 1652 et

10 1676 315 1759 susustinetis,
344 1698 427 1764 quae
455 1676 563 1743 valida
589 1689 637 1742 est
666 1680 750 1742 sicut
771 1699 867 1758 mors,
890 1678 923 1739 in
952 1673 1063 1739 electis
1087 1673 1159 1737 Dei
1182 1675 1307 1756 integra

174 1771 369 1848 perseverat,
399 1763 551 1847 quoniam
580 1771 677 1847 vaput
706 1773 738 1826 et
763 1782 890 1846 corpus,
914 1758 999 1844 quod
1023 1766 1074 1822 est
1098 1756 1258 1822 Christus
1279 1764 1306 1820 et

175 1844 321 1929 eeclesia,
344 1845 386 1908 ab
409 1848 548 1910 invicem
570 1867 635 1909 non
658 1845 830 1909 discordat.
857 1843 979 1908 Poterit
999 1863 1079 1906 sane
1103 1840 1231 1927 aliquis
1253 1838 1307 1904 sol·

173 1951 250 1995 vere
277 1931 312 1992 in
338 1930 389 1993 his
418 1931 473 2014 qui
500 1930 578 1993 foris
608 1938 684 1993 sunt
713 1931 889 2009 caritatem,
917 1946 999 2013 quae
1021 1947 1201 2010 nunquam
1224 1934 1306 1989 certe

173 2013 208 2076 in
231 2011 339 2077 electis
362 2013 464 2095 cadit3
487 2012 528 2078 de
550 2021 657 2077 cetero
679 2012 767 2095 velit,
788 2010 877 2090 nolit,
904 2007 1027 2074 eaelum
1051 2018 1085 2073 et
1107 2019 1201 2074 terra
1222 2010 1308 2094 prius

172 2097 364 2177 transibunt,
387 2119 484 2194 quam
506 2095 559 2160 vel
579 2097 647 2160 iota
668 2118 769 2160 unum
790 2094 843 2158 vel
864 2116 947 2157 unus
961 2113 1050 2176 apex
1065 2102 1259 2178 praetereat
1272 2092 1308 2156 de

172 2179 244 2265 lege
277 2181 422 2258 Domin1,
460 2180 500 2243 de
537 2181 697 2264 scriptura
732 2179 876 2247 Domini.
936 2175 1168 2263 Quaecunque
1204 2187 1308 2242 autem

173 2266 301 2347 scripta
331 2273 418 2343 sunt,
448 2265 494 2327 ad
522 2273 668 2327 nostram
698 2265 882 2328 doctrinam
910 2263 1037 2343 scripta
1064 2271 1156 2342 sunt,
1189 2271 1228 2324 ut
1248 2283 1309 2344 per

170 2348 372 2432 patientiam
401 2361 428 2408 et
459 2347 712 2410 consolationem
734 2349 978 2429 scripturarum
1000 2365 1092 2428 spem
1117 2345 1309 2422 habeamus,

25 2428 262 2503 consessum
298 2427 393 2492 docet
427 2426 602 2512 apostolus.
647 2429 733 2493 Ecce
769 2429 854 2492 enim
887 2437 1062 2512 postquam
1095 2428 1310 2512 praedixerat

47 2537 93 2578 nr.
104 2536 167 2587 aas.
178 2511 351 2591 Dominus,
373 2521 513 2595 gentem,
558 2533 619 2575 uae
641 2534 705 2576 non
721 2512 867 2576 servierit
880 2512 950 2594 regi
965 2510 1161 2594 Babylonis,
1186 2535 1223 2577 se
1237 2511 1310 2575 visi-

174 2603 318 2659 taturum
340 2615 410 2658 esse
432 2596 467 2656 in
489 2533 596 2678 gladio
619 2606 651 2660 et
671 2595 755 2659 fame
778 2605 810 2658 et
830 2603 975 2680 peste-
993 2616 1053 2679 per
1076 2596 1170 2681 quod
1187 2594 1311 2661 scilieet

174 2677 395 2741 testimonium
418 2679 503 2740 sicut
525 2686 557 2740 et
578 2700 636 2763 per
657 2677 838 2763 apostolum
861 2678 965 2758 docet,
987 2679 1214 2785 [setestatibus
1238 2678 1311 2744 obe-

31 2767 118 2809 1220011·
129 2768 164 2815 1⁷»
175 2759 330 2825 diendum
339 2781 407 2823 esse
418 2800 467 2842 -,
475 2770 549 2847 post
571 2782 645 2823 uam
654 2763 750 2826 etiam
758 2761 974 2846 praedixerat,
987 2761 1190 2826 bedechiam
1201 2786 1311 2849 regem

34 2825 236 2929 l⁶⁸¹⁹'²⁰‘pr0
265 2843 454 2924 iurament0,
485 2783 573 2928 quod
601 2844 746 2928 solverat,
775 2847 965 2909 moriturum
989 2866 1063 2909 esse
1085 2847 1122 2909 in
1145 2847 1310 2932 praevari-

175 2926 312 3008 catione,
335 2948 399 3012 qua
413 2927 600 3013 despexerit
613 2951 657 3010 se,
680 2929 833 3015 quoniam
854 2929 1074 2992 iuramentum
1089 2929 1234 2994 Domini
1254 2939 1310 3010 est,

174 3012 210 3074 in
244 3011 336 3074 vuius
364 3013 495 3075 nomine
528 3011 660 3093 iuratur,
691 3013 747 3076 ubi
773 3012 903 3094 iustitia,
932 3013 1093 3076 iudicium
1125 3023 1159 3078 et
1189 3014 1310 3080 veritas

56 3119 102 3161 mr.
112 3121 133 3169 4,
144 3122 165 3162 a.
176 3094 311 3158 comites
334 3117 403 3160 esse
433 3094 599 3158 dicuntur:
641 3104 715 3180 post
742 3094 831 3175 haec,
858 3097 1004 3179 inquam,
1032 3097 1116 3162 dicit
1146 3098 1310 3163 Dominus

31 3186 236 3264 1er.ar‚14.pe1·
267 3177 465 3242 Hieremiam
502 3176 694 3262 prophetam
730 3177 770 3242 de
802 3178 978 3263 prophetis,
1010 3181 1114 3244 immo
1150 3182 1195 3248 de
1224 3183 1310 3247 falsis

86 3247 121 3287 ¹⁵·
175 3282 236 3347 pro
261 3260 362 3341 hstis,
398 3260 460 3323 hoe
493 3269 542 3322 est
573 3259 613 3322 de
645 3260 734 3325 falsis
771 3260 972 3325 doctoribus:
1023 3263 1158 3348 Nolite,
1198 3267 1312 3354 inquit,

176 3369 224 3408 av
250 3346 298 3406 ire
321 3343 419 3405 verbu
438 3343 678 3425 prophetarum
701 3345 878 3407 dicentium
901 3347 1011 3410 vobis:
1036 3348 1163 3414 ‘Nolite
1188 3355 1312 3417 servire

175 3427 252 3510 reqi
266 3423 469 3523 Babylonis,
493 3426 574 3506 qnia
588 3428 795 3490 mendacium
809 3429 877 3510 ipsi
891 3429 1075 3513 loquuntur
1090 3435 1187 3499 vobis
1195 3460 1208 3519 ,·
1233 3438 1312 3523 quia

175 3531 247 3572 non
276 3507 352 3568 misr
381 3528 444 3584 eos,
475 3508 522 3567 ait
543 3505 714 3589 Dominus,
744 3519 773 3574 et
801 3511 871 3594 ipsi
886 3513 1095 3596 prophetant
1117 3518 1157 3582 in
1181 3522 1313 3587 nomine

175 3611 246 3653 meo
269 3588 477 3667 mendaciter,
499 3595 535 3648 ut
557 3590 676 3654 eiciant
697 3614 764 3671 vos,
786 3601 815 3655 et
832 3598 979 3679 pereatis
1009 3607 1079 3662 tam
1110 3623 1185 3684 vos,
1216 3628 1315 3691 quam

171 3670 369 3755 prophetae,
395 3671 453 3752 qui
480 3672 707 3737 vaticinantur
732 3675 831 3738 vobis.
876 3674 970 3743 Certe
1001 3701 1129 3766 omnes,
1153 3698 1316 3775 quotquot

177 3752 343 3837 potestati,
364 3751 462 3813 immo
481 3750 546 3813 Dei
568 3753 761 3820 ordinationi
782 3757 943 3840 resistunt,
965 3783 986 3824 a
1007 3785 1112 3850 regno
1129 3769 1200 3836 Dei
1224 3773 1317 3838 eiecti

177 3831 343 3982 Keribunt,
365 3840 397 3895 et
417 3833 549 3931 periuri·
560 3856 693 3919 regnum
715 3839 780 3903 Dei
802 3861 865 3938 non
887 3845 1116 3926 possidebunt.
1161 3855 1219 3921 De
1243 3858 1319 3922 dua-

203 3937 245 4011 ¹²⁸.
274 3935 398 4009 quippe
429 3916 614 3981 multatibus
647 3943 750 4006 pauca
783 3922 925 3989 dtxrmus
955 3951 1065 4014 supra,
1097 3935 1200 4003 iuxta
1255 3941 1320 4006 uod

180 3994 297 4062 scr1b1t
329 4007 457 4088 sanetus
486 3999 708 4084 Augustinus²
741 4006 775 4066 in
801 4004 883 4069 libro
915 4012 965 4074 19.
999 4012 1041 4078 de
1073 4019 1216 4090 civitate
1282 4028 1321 4109 ei,

8 2003 40 2046 et.
52 2005 134 2104 Mlagth.
142 2004 164 2058 5,

182 4188 210 4248 1)
232 4183 275 4232 Of.
296 4197 318 4231 c.
338 4185 382 4232 31.
456 4185 485 4251 2)
502 4189 643 4252 Augustini
664 4193 753 4256 Opera
770 4193 834 4256 VII,
854 4212 880 4260 p.
901 4196 963 4250 571.
