2804 4830
258 346 308 396 DE
328 344 487 396 UNITATE
506 343 713 394 ECOLESIAE
735 343 1012 396 CONSERVANDA.
1161 345 1196 395 83

66 520 218 585 imperator
238 518 386 581 abscedere,
405 525 478 570 tanto
497 518 581 585 mopis
600 535 618 566 a
636 516 712 568 nobis
731 535 784 568 non
798 524 959 583 potestesse
979 520 1131 583 damnatus,
1150 521 1198 572 sed

62 601 163 668 potius
190 601 227 651 ad
249 601 367 667 qratiam
385 618 511 668 syncerae
536 599 724 651 communionis
749 600 890 652 admnsus.
929 585 1080 650 Eiidem
1104 587 1198 652 Gela·

68 671 161 732 sius¹
185 668 366 750 ostendens,
388 691 453 732 non
474 667 571 733 licere
594 688 666 730 cum
687 667 819 753 perfidis
841 667 893 732 vel
915 691 987 733 cum
1011 671 1106 735 sociis
1127 694 1198 757 per·

68 752 213 816 fidorum
242 751 360 817 habere
387 763 590 833 conventum,
618 752 709 814 iuxta
737 752 824 837 quod
855 753 975 817 dicitur
1001 757 1034 817 in
1056 754 1319 842 psalmo:p„,2⁶‚4,

69 838 154 901 Non
185 837 255 902 sccii
282 840 320 902 in
349 837 486 902 concilio
516 837 676 901 vanitatis
706 846 734 898 et
762 860 835 900 cum
863 839 982 922 iniqua
1012 840 1198 924 perentibus

70 943 143 986 11011
157 921 317 986 introibo:
340 936 396 988 Nec
409 935 584 998 eccksiastici,
603 919 717 1004 inquit,
734 935 815 985 moris
828 943 864 985 est
883 953 943 987 cum
956 937 997 988 bis
1010 938 1057 1002 qui
1066 940 1200 1004 pollutam

70 1020 173 1072 habent
188 1019 391 1070 communionem
403 1017 615 1084 permixtamque
635 1035 693 1068 cum
704 1017 816 1083 perfidis
831 1018 938 1069 miscere
954 1021 1101 1085 concilium,
1121 1028 1199 1092 quo-

69 1088 162 1151 niam
192 1088 248 1171 qui
269 1085 447 1150 voluntarie
474 1093 637 1149 sectantur
664 1085 813 1182 contagia
837 1085 1036 1170 perfidorum
1061 1105 1199 1170 ceparum

71 1193 137 1236 sunt
158 1193 225 1236 certe
245 1185 278 1234 ab
298 1185 445 1251 apostolica
464 1185 539 1246 sede,·
558 1168 705 1254 ideoque,
721 1178 775 1250 alt,
798 1201 857 1235 cum
876 1184 973 1235 talibus
989 1193 1013 1237 et
1030 1187 1104 1251 apud
1124 1189 1197 1249 tales,

72 1259 156 1310 etiam
174 1257 199 1308 si
217 1266 283 1309 esset
299 1275 402 1309 necesse
421 1257 467 1320 eri,
487 1259 566 1309 nulla
580 1263 701 1324 posseta
721 1258 840 1324 spnoolus
856 1258 1011 1323 provenire.

159 1325 212 1390 23.
255 1324 344 1410 Ergo
377 1327 456 1388 Pius
488 1335 584 1411 atque
617 1324 785 1407 Urbanus,
817 1325 938 1389 Lucius
970 1327 1066 1389 etiarn
1100 1336 1198 1411 atque

71 1409 290 1495 Symmachus
321 1419 354 1474 et
386 1408 563 1493 Gregorius
592 1410 731 1473 Romani
763 1409 932 1495 pontifices
966 1410 1199 1474 constituerunt

70 1493 134 1557 sub
168 1492 381 1558 anathematis
412 1495 666 1578 interpositione,
698 1504 734 1558 ut
766 1493 899 1579 praedia
931 1494 1050 1558 divinis
1086 1494 1199 1558 usibus

70 1578 192 1644 tradita
213 1585 245 1641 et
259 1577 450 1642 caelestibus
466 1579 597 1643 secretis
612 1578 720 1642 dicata
735 1599 828 1641 nemo
844 1588 1030 1663 praesumat
1051 1578 1199 1642 humanis

70 1661 188 1726 usibus
218 1661 392 1746 applicare,
421 1663 497 1748 quia
524 1665 591 1726 sive
620 1661 776 1725 alienator
804 1664 871 1725 sive
893 1663 1042 1727 venditor
1063 1661 1198 1726 alicuius

71 1746 285 1812 ecclesiastici
300 1745 437 1831 praedii,
452 1747 563 1832 magni
577 1745 629 1809 vel
645 1747 767 1831 exigui,
791 1767 866 1809 cum
880 1748 1056 1831 accipiente
1078 1748 1199 1831 pariter

70 1830 259 1895 iudicantur
273 1852 343 1894 esse
365 1829 523 1915 sacrilegi.
557 1829 696 1894 Etcum
718 1829 795 1894 ituri
817 1831 881 1893 sint
903 1840 990 1895 certe
1011 1833 1104 1894 iuxta
1120 1815 1330 1917 divi-“2⁶¹¹23h‘

70 1936 149 1978 nam
183 1915 373 1979 sententiam
404 1915 439 1977 in
467 1913 664 1999 supplicium
693 1923 869 1994 aeternum,
897 1916 953 1999 qui
985 1936 1027 1978 ex
1059 1915 1199 1999 propriis
1255 1904 1261 1924 ’
1302 1906 1308 1916 ’

70 1997 281 2063 facultatibus
296 2020 359 2062 non
376 1995 545 2062 sublevant
555 1999 761 2062 necessitates
772 2018 962 2083 pauperum,
974 1997 1051 2084 quid
1064 1996 1199 2082 dignum

71 2083 238 2148 aestimari
259 2083 378 2167 poterit
397 2081 518 2147 iudicio
540 2104 579 2145 ac
601 2082 806 2146 damnatione
828 2102 949 2158 eorum,
973 2082 1028 2166 qui
1043 2080 1104 2144 diri
1130 2084 1201 2146 innt

71 2166 189 2248 aliena,
211 2168 385 2252 praecipue
405 2176 513 2231 autem
536 2187 618 2252 quae
646 2177 721 2230 sunt
742 2165 808 2229 Dei
836 2165 1068 2229 ecclesiarum?
1142 2187 1199 2230 cce

71 2253 106 2315 in
138 2250 326 2335 supradicto
354 2260 514 2314 conventu
545 2251 687 2331 aderant,
718 2252 773 2335 qui
795 2248 968 2314 multarum
990 2248 1200 2313 ecclesiarum

71 2336 294 2484 possessiones
316 2344 349 2399 et
369 2334 502 2419 praedia
522 2335 705 2399 invaserant
727 2335 847 2419 pariter
868 2344 900 2399 et
921 2333 1140 2419 possederant,
1167 2343 1200 2398 et

97 2439 136 2484 oc
164 2420 211 2482 ita
238 2419 308 2482 fieri
338 2417 520 2484 sacerdotes
550 2419 712 2484 Saxoniae
741 2427 977 2482 consenserant.
1021 2417 1087 2497 Qui
1113 2418 1198 2482 enim

72 2505 123 2568 his
146 2524 231 2589 quae
253 2512 328 2567 sunt
348 2502 531 2567 huiusmodi
554 2525 618 2566 non
639 2504 757 2567 restitit
770 2503 977 2650 suffigestione
1000 2524 1064 2586 qua
1086 2502 1199 2586 potuit,

74 2587 247 2667 consensit,
275 2607 349 2650 cum
378 2608 420 2651 ex
450 2588 639 2651 auctoritate
668 2588 779 2651 divina
831 2590 896 2652 icat
926 2585 1102 2671 apostolus,
1134 2608 1200 2650 non
1209 2611 1275 2652 nom.
1284 2613 1304 2664 1,
1313 2612 1353 2654 ss.

72 2671 180 2736 solum
211 2671 267 2755 qui
294 2671 418 2735 faciunt
446 2693 548 2756 prava
573 2693 647 2735 reos
676 2693 756 2752 esse,
784 2671 842 2735 sed
864 2682 897 2736 et
918 2673 974 2756 qui
997 2672 1201 2736 consentiunt

72 2754 278 2821 facientibus.
321 2756 467 2818 Primum
489 2756 619 2841 quidem
640 2754 747 2818 locum
770 2757 873 2820 tenuit
894 2757 927 2818 in
948 2754 1003 2818 illa
1024 2754 1200 2840 malignan-

72 2842 157 2906 tium
173 2838 308 2903 ecclesia
322 2839 527 2924 supradictus
545 2839 622 2905 Otto
637 2838 820 2902 Hostiensis
836 2841 1019 2924 episcopus,
1036 2841 1097 2987 &ui
1113 2861 1200 2904 nunc

73 2944 93 2987 a
122 2922 308 2988 Saxonibus
337 2944 512 3008 eorumque
541 2923 743 2986 consortibus
776 2922 894 2985 dicitur
920 2944 1007 3069 papa
1068 2925 1199 3006 rbanus,

73 3026 174 3093 super
188 3005 332 3092 qualium
350 3016 437 3070 certe
458 3005 582 3070 ambitu
604 3014 636 3069 et
657 3008 859 3091 promotione
881 3027 966 3151 supp
979 3007 1042 3070 icat
1064 3009 1200 3154 impera-

72 3093 137 3157 tori
161 3090 332 3154 Gelasius³
354 3111 450 3176 papa,
476 3093 575 3154 immo
597 3111 656 3176 per
679 3087 844 3154 Gelasium
866 3099 917 3152 cat
942 3089 1024 3152 alica
1046 3112 1102 3154 ecc
1115 3093 1198 3156 esia:

73 3181 219 3245 Desinant,
243 3197 351 3247 quaeso,
380 3186 404 3231 te
430 3179 589 3247 temporibus
620 3179 672 3230 tuis
696 3179 806 3244 quidam
825 3196 878 3244 per
905 3179 1066 3230 occasionem
1089 3188 1199 3245 pertur-

75 3253 191 3307 bationis
210 3254 402 3306 melesiastioae
419 3253 628 3320 praecipitanter
648 3253 746 3303 ambire
765 3269 833 3317 quae
860 3252 1019 3312 conticeat,
1044 3269 1077 3302 ne
1103 3261 1127 3304 et
1150 3252 1200 3304 iiia

75 3346 144 3394 quae
170 3329 242 3378 maie
267 3335 396 3392 appetsmt
421 3328 575 3378 nallatenus
602 3327 805 3392 apprehendant
833 3334 857 3376 et
885 3326 992 3376 modum
1017 3341 1096 3376 suum
1124 3328 1200 3391 apud

73 3409 164 3462 Deam
189 3407 356 3476 tomtmsqm
380 3425 435 3459 nou
459 3417 572 3461 uncam.
613 3396 721 3480 Atque
749 3394 885 3456 iterum⁴
914 3413 1013 3491 super
1040 3395 1199 3458 eiusmodi

74 3477 242 3561 alloquens
270 3477 367 3542 etiam
393 3487 540 3541 senatum
565 3477 764 3542 Romanum:
786 3490 830 3543 Aa
848 3500 977 3556 seucum,
1004 3478 1199 3562 1nquit,per-

75 3567 140 3618 tinet
172 3566 333 3631 Romanum,
365 3571 395 3617 ut
425 3584 523 3618 memor
546 3566 622 3632 fidei,
653 3585 734 3634 quam
766 3584 783 3616 a
810 3565 970 3630 parentibus
998 3565 1143 3631 suscepisse
1171 3583 1199 3617 se

74 3638 204 3703 meminit,
233 3641 356 3706 cantapia
379 3639 441 3691 uitet
465 3640 654 3692 communionis
680 3648 812 3700 externae,
837 3656 871 3691 ne
894 3656 911 3688 a
930 3639 1109 3690 communione
1128 3639 1200 3690 sedis

75 3722 248 3789 apostolicae,
274 3722 345 3788 quod
371 3721 448 3786 absit,
474 3723 606 3773 reddatur
634 3731 765 3774 cateruas.
810 3705 893 3771 Cum
929 3708 1015 3770 enim
1048 3707 1082 3768 ln
1116 3705 1200 3769 Ordi-

74 3791 206 3854 natione
235 3790 428 3853 successoris
457 3791 507 3853 sui
536 3788 710 3855 Clementis
741 3789 827 3855 dicat
853 3791 969 3854 Petrus
997 3788 1198 3876 apostolus³z

76 3881 154 3932 Haec
178 3895 253 3930 meae
267 3879 480 3943 praedicationis
503 3886 527 3931 et
551 3880 687 3931 doctrinae
709 3880 838 3930 cathedra
856 3897 924 3942 eum,
943 3880 991 3945 qni
1009 3880 1081 3946 cupit
1099 3897 1157 3932 earn
1176 3886 1201 3932 et

75 4072 99 4125 a)
116 4073 213 4113 omnino
229 4071 280 4111 aad.
297 4069 342 4111 Get.

77 4231 249 4298 1)This11,
269 4229 371 4296 p.418.
448 4230 477 4297 2)
497 4230 567 4284 Ibid.
586 4249 612 4298 p.
632 4232 696 4282 423.
767 4233 794 4296 3)
814 4231 883 4281 Ibid.
904 4249 931 4297 p.
945 4235 1009 4285 3112.
1075 4232 1106 4300 4)
1126 4232 1199 4283 lbid.

74 4326 102 4375 p.
117 4307 181 4356 342.
256 4303 287 4368 ὁ)
305 4302 393 4369 Epist.
413 4304 559 4357 Clementis
579 4305 613 4355 sd
633 4307 760 4356 Iacobum
781 4322 824 4373 sp.
844 4306 1005 4360 Hinschiam
1023 4307 1042 4359 l.
1063 4322 1087 4357 c.
1106 4324 1134 4372 p.
1154 4307 1200 4358 31.

924 4389 965 4438 6*
