2812 4830
226 368 279 417 124
414 368 465 418 DE
484 366 642 418 UNITATE
661 364 865 417 EOOLESIAE
886 365 1164 418 cousuuvhuns.

79 543 124 589 10r·
134 543 170 594 Ν,
178 543 214 584 14·
226 547 337 600 tarum
353 535 529 599 dicentium
544 533 653 598 uobis:
676 534 764 597 ‘Non
788 534 931 597 servietis
953 534 1027 619 regi
1040 533 1244 620 Babylonis,
1265 538 1331 620 quia

110 603 193 645 Μ’
227 620 434 684 mendacium
462 619 532 703 ipsi
563 617 743 704 loquuntur
770 617 871 697 uobis,
901 619 981 702 quia
1009 640 1076 681 non
1104 620 1182 682 misi
1208 641 1269 700 eos,
1296 622 1334 684 ait

227 705 401 785 Dominus,
424 713 453 768 et
473 704 543 787 ipsi
558 702 762 789 prophetant
783 703 819 764 in
839 703 968 765 nomine
990 724 1058 766 meo
1079 703 1287 786 mendaciter,
1305 713 1334 767 ut

228 790 350 852 eiciant
370 810 438 868 uos,
465 796 494 851 et
540 788 657 850 erectis
684 795 751 849 tam
772 807 828 849 uos
851 808 949 870 quam
966 809 1032 870 pro
1058 786 1160 866 lectae,
1183 789 1243 871 qui
1262 811 1334 852 men·

226 875 358 938 tiuntur
378 871 477 936 uobis.
509 810 623 935 jlllolite
645 893 720 956 erpo
744 871 862 933 audire
884 892 947 950 eos,
969 870 1015 935 ait
1070 871 1207 952 ominus,
1231 881 1259 936 et
1281 895 1334 936 ser-

227 959 290 1021 cite
311 957 384 1041 repi
398 955 592 1042 Babylonis.
625 954 700 1017 Hoc
723 964 771 1018 est
792 953 980 1018 mandatum
995 954 1129 1039 Domini
1153 976 1252 1041 super
1271 977 1336 1041 rege

65 1062 217 1113 crusnam.
228 1041 356 1107 ethnico
390 1049 422 1104 et
453 1040 616 1124 pessimo⁰
650 1036 734 1102 ultra
767 1059 894 1103 omnem
928 1047 1057 1118 terram,
1091 1048 1212 1124 quanto
1244 1042 1336 1125 magis

228 1147 325 1210 super
356 1146 431 1209 rege
464 1123 637 1187 christiano
671 1133 702 1187 et
731 1121 898 1186 catholico.
943 1122 1010 1187 Sed
1041 1123 1116 1187 licet
1144 1147 1214 1205 nos,
1244 1125 1337 1211 inquit

106 1231 157 1274 aar.
167 1231 215 1284 1,a.
227 1208 401 1296 apostolus,
432 1217 489 1272 aut
518 1208 657 1294 angelus
687 1209 727 1271 de
755 1207 844 1271 caelo
872 1207 1071 1294 euanpeliaet
1092 1208 1183 1273 uobis
1203 1219 1336 1292 praeter-

227 1317 325 1379 quam
347 1293 435 1379 quod
449 1293 710 1378 euangeliaatum
724 1300 769 1356 est
791 1291 891 1373 uobis,
913 1292 1084 1356 anathema
1100 1293 1152 1354 sit.
1184 1292 1240 1356 Ex
1254 1292 1337 1357 huius

227 1377 438 1441 anathematis
454 1375 581 1439 vinculo
596 1373 703 1438 nullus
724 1386 809 1440 certo
831 1374 914 1439 liber
935 1376 1053 1456 existit,
1077 1376 1226 1462 quisquis
1242 1400 1276 1441 re
1297 1377 1337 1440 iae

226 1461 378 1547 potestati
399 1460 518 1525 resistit
539 1459 590 1524 vel
611 1458 758 1541 detrahit,
785 1469 818 1525 et
840 1460 986 1546 quisquis
1008 1459 1224 1524 iuramentum
1247 1400 1337 1542 solvit,

99 1535 315 1636 ‘igtggfrquod
335 1544 477 1608 Domino
507 1565 566 1607 suo
594 1543 794 1608 reddendum
825 1543 973 1609 Salvator
1000 1544 1034 1607 in
1063 1545 1233 1629 euangelio
1259 1568 1337 1631 prae·

145 1623 152 1646 ¹
191 1626 196 1636 '
228 1630 321 1714 cipit3
344 1650 382 1691 ao
404 1628 548 1713 perinde,
571 1629 654 1692 sicut
675 1638 805 1693 sanctus
826 1627 913 1693 Leo¹
937 1650 1023 1713 papa
1044 1627 1172 1693 scribit:
1206 1644 1239 1697 st
1262 1660 1338 1697 omncs

228 1726 253 1772 et
276 1720 423 1770 sacerdotes
448 1725 471 1769 et
496 1719 612 1769 mundus
639 1719 802 1770 assentiatur
827 1719 970 1783 damnatis,
996 1719 1133 1770 damnatio
1160 1717 1338 1771 consentienter

227 1800 345 1865 inuoluit,
358 1819 412 1852 non
420 1800 681 1868 praeomicutionem
694 1819 835 1853 consensus
849 1803 969 1854 absoluit.
1001 1786 1172 1872 Gregorio,
1188 1787 1338 1872 inquiunt,

122 1930 163 1970 ,oh
182 1930 208 1970 10
229 1871 284 1934 cui
306 1870 392 1934 orbis
415 1879 577 1934 terrarum
599 1872 856 1951 communicarit,
878 1870 1093 1935 obedientiam
1116 1871 1340 1936 contumaciter

154 1956 511 2031 425,'renuntiauerunt.
546 1953 626 2017 Sed:
655 1955 736 2017 Oves
750 1976 850 2034 meae,
872 1955 918 2018 ait
932 1954 1102 2036 Dominus,
1124 1978 1232 2020 uocem
1247 1977 1338 2019 meam

230 2040 377 2119 audient,
400 2040 544 2102 alienum
560 2038 686 2102 autemb
708 2060 774 2101 non
790 2047 978 2123 sequuntur,
1001 2041 1083 2137 quia
1105 2062 1172 2105 non
1188 2045 1339 2104 noverunt

228 2145 334 2188 uocem
360 2122 552 2187 alienorum.
577 2161 617 2170 -
640 2123 683 2184 Et
713 2144 746 2186 se
775 2123 814 2186 ab
842 2124 977 2202 unitate,
1004 2123 1165 2208 1nquiuut,
1197 2124 1338 2208 corporis

231 2207 362 2287 Christi,
386 2209 472 2292 quod
494 2216 539 2269 est
560 2205 695 2270 ecclesia
712 2228 775 2290 per
791 2207 895 2270 orbem
913 2216 1074 2272 terrarum
1096 2207 1234 2294 diffusa,
1257 2229 1339 2293 sepa·

227 2301 395 2355 rauerunt.
419 2290 515 2371 Ecce,
527 2289 689 2375 quomodo
700 2291 834 2354 mentita
845 2300 894 2355 est
908 2291 1061 2376 iniquitas
1073 2291 1146 2372 sibi,
1158 2314 1243 2378 quae
1254 2291 1339 2377 profi·

227 2385 312 2439 tetur
334 2376 367 2437 in
387 2375 514 2460 scriptis
530 2374 596 2438 suis
612 2373 783 2438 defendere
799 2376 849 2438 sui
864 2384 991 2460 partem
1007 2373 1169 2461 Gregorii,
1193 2377 1249 2461 qui
1265 2383 1339 2439 certe

228 2481 292 2522 non
308 2458 448 2544 praefuit
463 2456 626 2539 ecclesiae,
650 2458 706 2522 sed
728 2459 814 2544 parti
836 2481 921 2541 suae,
945 2461 1108 2546 quoniam,
1124 2460 1180 2546 qui
1204 2483 1239 2525 es
1254 2459 1338 2523 bene-

229 2543 432 2607 dictusDeus
448 2545 481 2606 in
497 2541 633 2623 saecula,
649 2552 680 2606 te
692 2565 751 2627 per
762 2543 871 2608 orbem
883 2554 1040 2607 terrarum
1052 2555 1163 2608 sancta
1181 2544 1340 2608 confitetur

229 2627 375 2691 ecclesia.
405 2624 456 2689 Illi
474 2627 595 2713 quippe
611 2628 758 2691 exierunt
772 2650 791 2691 a
805 2627 909 2709 nobis,
927 2650 1062 2692 nonnos
1085 2651 1126 2693 ex
1143 2630 1234 2714 ipsis,
1251 2667 1288 2676 -
1304 2627 1339 2692 Et

235 2712 441 2798 Wipbertum,
455 2735 476 2775 a
487 2713 560 2775 sede
572 2711 754 2796 apostolica
764 2714 802 2777 iu
814 2714 948 2798 synodis
956 2714 1080 2778 Itomae
1092 2716 1263 2798 septennio
1275 2713 1340 2778 cde-

228 2797 331 2860 bratis
343 2799 666 2877 encommunicatum,
679 2797 878 2881 sibipapam
889 2798 1063 2882 elegerunt.
1081 2797 1268 2883 Loquentes
1280 2796 1339 2884 qui·

228 2880 302 2946 dem
318 2878 542 2966 blasphemias,
556 2879 791 2945 barbarismum
807 2881 961 2960 fecerunt,
978 2883 1031 2968 qui
1051 2883 1219 2966 septennio
1234 2883 1340 2948 vitiose

89 2956 119 2997 a.
127 2955 217 3056 1¹2¹&
229 2964 389 3043 dixerunt,
405 2964 461 3050 qui
474 2988 495 3029 a
510 2968 652 3043 caritate,
670 2987 753 3051 quae
767 2966 804 3028 fit
819 2965 859 3029 de
879 2966 975 3030 corde
996 2987 1078 3051 puro
1101 2975 1133 3029 et
1149 2965 1341 3031 conscientia

142 3043 148 3069 '
173 3042 178 3055 ¹
226 3051 312 3114 bona
327 3060 359 3114 et
372 3049 436 3113 fide
451 3051 610 3131 nonfiota,
622 3050 818 3132 aberrantes,
830 3051 975 3114 conversi
987 3050 1104 3114 suntin
1117 3050 1341 3138 vaniloquium,

227 3133 370 3199 volentes
403 3158 473 3199 esse
500 3134 580 3282 legis
609 3134 766 3215 doctores,
796 3155 860 3198 non
888 3134 1101 3220 intelligentes
1129 3157 1237 3222 neque
1267 3155 1342 3222 quae

225 3218 401 3307 loquuntur
411 3242 515 3306 neque
551 3219 698 3305 equibus
714 3218 885 3283 affirmant.
909 3218 1000 3283 Sicut
1012 3221 1096 3284 enim
1112 3241 1211 3305 saepo
1227 3219 1341 3285 dictum

226 3313 283 3386 est,
312 3326 377 3368 non
405 3302 480 3368 lieet
511 3303 609 3366 alicui
638 3303 780 3367 iudicare
811 3302 851 3368 de
878 3303 998 3367 iudicio
1027 3303 1113 3367 sedis
1139 3303 1341 3389 apostolicae,

227 3410 309 3476 quae
337 3389 436 3453 habet
462 3387 646 3451 facultatem
675 3388 743 3452 sine
771 3385 836 3450 ulla
866 3387 989 3473 synodo
1018 3387 1233 3472 praecedente
1263 3385 1341 3453 exol-

225 3471 323 3536 vendi
352 3494 433 3558 quos
463 3470 605 3554 synodus
632 3471 744 3557 iniqua
772 3471 991 3553 damnaverat,
1014 3481 1046 3536 et
1067 3471 1244 3537 damnandi
1267 3493 1341 3574 quos

226 3579 244 3621 o
272 3558 378 3637 ortuit,
401 3553 489 3618 nulla
512 3552 635 3638 synodo
658 3556 826 3623 existente.
871 3554 1049 3641 Gregorius
1071 3556 1204 3643 quippe,
1235 3579 1292 3643 qur
1309 3563 1341 3620 ¹et

224 3578 431 3718 Idildebrant
453 3660 518 3701 non
540 3638 679 3722 praefuit
701 3638 864 3721 ecclesiae,
887 3640 945 3705 sed
966 3642 1050 3728 parti
1073 3663 1161 3706 suae.
1193 3641 1340 3728 ideoque,

226 3727 310 3789 sicut
331 3726 377 3788 ait
393 3721 542 3787 Gelaslus
564 3744 650 3809 papa
659 3733 682 3801 ²,
704 3756 774 3806 quae
788 3739 954 3807 priuitepio⁰
973 3740 1133 3792 universatis
1149 3741 1276 3793 ecclesiae
1289 3757 1341 3792 con·

227 3823 317 3875 traria
330 3822 491 3889 probantur,
510 3824 587 3874 nulla
604 3821 709 3875 ratione
727 3822 881 3875 subsistunt.
896 3852 930 3862 —
942 3809 986 3872 Ei
1006 3808 1048 3873 eli
1071 3817 1168 3888 eudes,
1189 3809 1340 3894 inquiunt,

228 3893 292 3957 sibi
316 3913 445 3975 papam
475 3890 669 3977 Wiphertum
698 3892 795 3976 quasi
821 3892 998 3957 disserunt:
1028 3832 1162 3958 ‘decede
1190 3916 1212 3955 a
1243 3894 1339 3973 nobis,

228 3977 398 4040 scientiam
420 3977 550 4040 viarum
572 3985 705 4040 tuarum
734 3975 904 4042 nolumus'.
948 3975 1038 4061 Ergo
1069 3977 1125 4063 qui
1146 3976 1233 4042 viam
1255 3977 1339 4062 pacis

223 4137 247 4190 s)
270 4151 311 4181 om.
329 4140 356 4189 1,·
378 4141 492 4190 caumata
507 4139 593 4189 cauma
609 4143 661 4189 post
685 4142 771 4180 terram
792 4139 883 4182 inseruit
905 4142 977 4192 impio
1002 4140 1098 4184 Golden.
1164 4140 1189 4194 b)
1212 4153 1235 4183 n.
1252 4153 1269 4182 s.
1285 4152 1307 4182 s.
1321 4142 1338 4179 1.

224 4196 245 4249 c)
261 4199 392 4248 privilegiis
408 4199 451 4239 Get.

226 4331 253 4396 1)
274 4331 316 4384 cf.
335 4350 361 4399 p.
382 4332 425 4383 oc.
500 4333 529 4397 a)
548 4331 627 4383 unu
644 4348 671 4398 p.
693 4332 756 4383 sse.
