2812 4830
255 361 306 412 DE
328 360 485 413 UNITATE
505 359 708 413 rochabrun
729 360 1006 414 CONSERVANDA.
1155 359 1187 412 ⁷1

57 533 137 618 fnit
152 554 225 595 cum
239 529 319 594 Laui
332 531 419 594 citae
439 537 469 594 ct
478 531 597 614 pacis,·
619 527 677 593 sed
696 552 756 593 eae
766 530 949 614 prophetis,
971 531 1030 614 qui
1047 530 1188 615 propbe—
1198 542 1313 597 Mutae

69 616 187 680 tabant
209 615 249 678 de
270 614 424 679 cordibus
446 616 527 694 suis,
545 623 580 677 ut
602 613 818 696 interficerent
839 615 990 714 animoa,
1003 637 1086 700 quae
1101 601 1350 706 nonffl‘sssslissff'&

69 701 271 779 tremuntur,
297 709 327 763 ct
353 698 560 780 vivificarent
586 700 726 778 animoa,
756 721 838 783 quae
867 721 933 762 non
956 707 1079 778 mount,
1100 720 1187 763 men·

68 786 185 848 tientes
212 782 338 866 popolo
370 804 437 846 meo
465 783 610 847 credenti
637 782 826 864 mandatis,
849 791 989 867 propter
1015 783 1112 868 quod,
1144 782 1190 847 ait

70 867 243 948 Dominus,
274 864 508 946 osacerdotes,
541 875 570 930 et
596 887 654 950 epo
681 865 758 930 dedi
788 888 844 930 vos
877 864 1127 950 contemptibiles
1159 875 1350 940 annectas.

70 951 210 1016 humiles
234 951 382 1015 omnibus
398 973 447 1035 po
473 950 547 1014 uiis.
587 949 731 1013 Tertium
753 948 868 1014 deinde
914 948 1046 1013 raelium
1066 949 1266 1014 factumroso.

68 1045 118 1101 est
139 974 476 1120 inThuringia108b.
499 1054 583 1098 anno
605 1033 646 1099 ab
662 1034 882 1098 incarnatione
931 1033 1040 1115 omini,
1063 1035 1093 1099 6.
1108 1033 1187 1098 Idus

69 1118 278 1201 Februarii13
302 1118 389 1217 quod
416 1117 538 1182 scilicet
562 1116 719 1203 praelium
741 1116 900 1182 alterutris
922 1117 1051 1202 regibus
1072 1139 1188 1202 parum

69 1225 226 1291 prospere
241 1212 346 1284 cess1t,
368 1203 519 1288 quoniam
533 1224 616 1266 unus
630 1202 774 1281 victoria,
796 1199 877 1266 alter
892 1200 1036 1266 Saxonis
1050 1201 1188 1284 caruit²;

68 1287 130 1352 sed
153 1288 268 1352 eodem
290 1307 373 1351 anno
395 1308 542 1351 reversus
564 1284 811 1351 cstHenrichus
830 1293 1071 1385 expugnaturus
1087 1285 1188 1350 Saxo-

68 1394 150 1437 num
171 1370 324 1436 duritiam
346 1379 379 1436 et
399 1380 547 1457 quartam
576 1370 641 1434 iam
663 1381 775 1436 contra
795 1392 850 1434 eos
875 1369 1014 1434 instituit
1034 1391 1187 1456 pugnam,

92 1476 154 1520 uae
181 1455 267 1520 facta
295 1465 343 1520 est
370 1456 402 1518 4.
424 1453 501 1519 Idus
524 1453 675 1520 Octobris
683 1464 706 1537 ³,
752 1453 857 1518 uando
879 1464 912 1518 et
932 1453 1108 1519 Ruodolfus
1128 1476 1188 1520 rex

70 1477 117 1605 ibi
138 1540 265 1604 occisus
287 1548 337 1603 est
359 1548 472 1625 quarto
494 1559 578 1603 anno
600 1559 680 1603 suae
702 1560 721 1603 o
762 1539 920 1602 'nationis
963 1537 1018 1603 Sic
1043 1537 1096 1604 ille
1116 1559 1189 1624 pro·

70 1633 184 1689 vectae
211 1624 325 1689 aetatis
354 1624 406 1687 vir
431 1623 538 1688 amisit
558 1624 658 1688 vitam
688 1643 760 1686 cum
781 1643 881 1708 regno
904 1623 1076 1705 Saxoniae,
1097 1624 1188 1687 cuius

69 1709 246 1794 praecipue
267 1729 366 1795 opera
387 1716 461 1773 ante
484 1705 606 1794 aliquot
627 1729 727 1772 annos
742 1707 820 1772 victi
842 1717 916 1771 sunt
937 1705 1092 1788 Saxones,
1114 1728 1188 1772 cum

68 1792 211 1878 primum
241 1792 421 1877 coepissent
448 1801 560 1856 contra
579 1813 687 1876 regem
709 1789 907 1855 Henrichum
929 1789 1093 1873 rebellare,
1113 1790 1189 1857 licet

70 1877 226 1942 maiorem
248 1877 409 1940 exercitus
431 1877 586 1941 iacturam
607 1875 792 1974 acceperint
811 1875 950 1939 victores
973 1896 1069 1960 quam
1092 1876 1186 1958 victi3
1260 1937 1262 1942 .

69 1960 160 2046 quod
181 1958 305 2026 scilicet
324 1961 466 2047 primum
487 1961 572 2059 regis
593 1958 751 2024 Hennchi
771 1956 930 2045 praelium
953 1969 1064 2024 contra
1086 1958 1265 2024 Saxo-1⁰⁷⁶.

70 2066 128 2109 nes
157 2053 284 2144 gestum
312 2052 361 2108 est
387 2046 420 2108 in
442 2044 642 2128 Thunngia⁴
672 2064 756 2108 anno
781 2043 871 2108 1075.
900 2042 941 2107 ab
969 2043 1187 2107 incarnatione

67 2129 214 2209 Domini,
247 2129 276 2193 7.
297 2128 375 2193 Idus
397 2129 492 2192 Iunii.
535 2129 619 2192 Tum
674 2126 783 2191 uidem
813 2135 882 2191 erat
912 2124 1088 2190 Ruodolfus
1121 2126 1188 2191 dux

70 2211 264 2294 Suevorum,
288 2213 341 2277 cui
363 2213 459 2276 etiam
483 2212 615 2278 dederat
636 2150 754 2296 llagna
775 2211 962 2297 imperatrix
991 2233 1066 2274 cum
1086 2232 1121 2274 re
1145 2232 1187 2275 no

67 2295 280 2382 Burgundiae
301 2295 400 2361 filiam
418 2319 509 2361 suam
530 2298 564 2360 in
579 2296 776 2381 coniugium,
798 2304 834 2360 ut
848 2296 917 2380 regi
933 2295 1105 2377 Henrioho,
1156 2296 1187 2359 io

67 2402 139 2463 suo,
162 2388 246 2446 esset
267 2389 356 2445 tanto
378 2380 513 2463 fidelior,
536 2390 654 2479 quanto
676 2379 831 2445 affinitate
853 2376 1000 2444 simulet
1022 2377 1187 2444 beneficiis

68 2465 281 2530 coniunctior.
326 2464 391 2530 Sed
420 2467 476 2552 qui
503 2487 592 2551 prrus
621 2464 726 2529 fuerat
757 2463 906 2529 defensor
931 2464 1059 2563 imperii
1090 2473 1187 2551 atque
1284 2502 1287 2507 ·
1343 2474 1345 2480 ‘

67 2548 170 2614 bostis
186 2548 363 2633 Saxonum,
384 2559 499 2635 postea
519 2549 623 2613 factus
644 2557 693 2613 est
713 2550 843 2614 invasor
864 2548 990 2633 imperil
1011 2557 1108 2634 atque
1128 2570 1188 2613 rex

68 2633 248 2712 Saxonum,
271 2642 307 2697 ut
327 2633 548 2719 praevalerent
567 2632 690 2719 praelia
711 2642 743 2698 et
763 2633 936 2698 seditiones
958 2653 1078 2696 eorum.

155 2717 205 2780 17.
237 2717 408 2804 Perempto
425 2717 584 2804 siquidem
598 2715 757 2781 Ruodolfo
772 2739 849 2802 rege
865 2715 1041 2798 Saxonum,
1062 2716 1188 2800 paravit

68 2800 253 2866 Henriohus
284 2823 344 2866 rex
375 2801 549 2866 secundam
581 2801 809 2886 profectionem
839 2802 872 2864 in
901 2799 1037 2882 Italiam,
1067 2801 1093 2864 si
1122 2821 1186 2886 quo

67 2894 167 2970 pacto
188 2895 298 2970 posset
311 2882 440 2952 flectere
461 2885 503 2949 ad
517 2885 770 2949 misericordiam
785 2883 1041 2950 Hildebrandum
1057 2906 1186 2984 papam,
1198 2902 1264 2944 10s1.

68 2980 107 3034 ut
132 2990 248 3055 pacem
274 2969 447 3055 aliquando
473 2968 610 3054 diligens
637 2969 842 3032 misereretur
873 2967 925 3032 vel
953 2967 1107 3032 ecoleslae
1135 2967 1187 3033 vel

67 3053 115 3117 rei
137 3051 295 3139 publicae,
319 3076 401 3140 quae
425 3055 491 3118 iam
519 3053 641 3118 dudum
665 3052 793 3116 fuerant
816 3052 849 3115 in
870 3073 988 3136 magna
1009 3053 1186 3118 defectione

67 3158 128 3224 pro
161 3137 349 3202 imminente
380 3135 535 3203 bellorum
567 3145 767 3222 tempestate.
811 3135 903 3199 Tunc
936 3134 1066 3235 quidem
1095 3144 1186 3219 gesta

67 3231 155 3301 sunt,
182 3243 266 3307 quae
291 3223 460 3308 superius⁵
488 3221 673 3286 dictasunt
699 3218 750 3285 vel
777 3219 817 3284 de
843 3217 1014 3284 rebellione
1042 3240 1081 3284 ac
1109 3219 1186 3303 fuga

68 3303 283 3369 Hildebrandi
305 3327 409 3392 papae
431 3304 484 3370 vel
506 3305 545 3369 de
567 3306 808 3371 consecratione
829 3302 1000 3390 Wigberdi
1029 3303 1062 3366 in
1083 3305 1186 3388 ponti-

67 3390 164 3454 ficem
192 3389 276 3454 sedis
308 3389 503 3475 apostolicae
531 3388 584 3454 vel
612 3391 652 3455 de
682 3390 880 3454 ordinatione
908 3386 1064 3452 Henrichi
1090 3388 1185 3472 regis,
1197 3406 1263 3449 ross.

67 3473 198 3572 quando
227 3473 330 3537 factus
360 3483 409 3539 est
435 3475 610 3559 imperator
634 3482 667 3538 at
690 3496 730 3538 ue
751 3483 907 3558 augustus
937 3474 1029 3537 iuxta
1051 3470 1186 3556 disposi-

67 3569 190 3622 tronem
205 3556 370 3622 Romanae
392 3557 567 3644 dignitatis.
596 3557 650 3621 Ex
708 3568 891 3645 otempore
913 3577 998 3620 nunc
1020 3564 1068 3620 est
1082 3575 1184 3618 annus

67 3683 93 3735 a)
111 3685 168 3724 deest
184 3685 204 3725 1.

70 3780 100 3842 1)
119 3779 201 3845 Aput
213 3780 384 3830 Flarchhoim
397 3795 423 3830 a.
436 3778 514 3831 1080.
544 3781 643 3832 Omnes
657 3779 703 3830 alii
715 3782 858 3846 scriptores
871 3780 944 3830 illius
958 3780 1054 3829 aetatis
1073 3777 1127 3830 alio
1142 3777 1186 3828 die

67 3869 104 3904 ac
116 3853 280 3904 waltramus
299 3852 356 3904 vult
374 3853 504 3919 proelium
524 3855 694 3904 commissum
714 3869 773 3904 esse
789 3853 895 3917 dicunt3
920 3852 955 3903 cf.
971 3854 1064 3914 Brun,
1084 3852 1185 3915 Barth,

68 3925 189 3986 Ekkeh„
213 3926 246 3978 A.
265 3927 390 3993 Erphosi.
466 3924 494 3991 2)
519 3927 585 3977 Post
607 3927 737 3992 proelium
763 3926 839 3976 multi
861 3928 997 3992 principes
1016 3925 1186 3977 Saxoniaea

68 3999 188 4051 Rudollo
208 4001 387 4051 desciverunt.
444 4001 472 4064 3)
491 4000 570 4065 Apud
590 3999 792 4051 Hohenmblson
811 4015 834 4049 a.
854 3997 933 4050 1080.
972 3998 1013 4050 ct.
1034 4000 1185 4049 Brunonem

65 4072 133 4137 (SS.
146 4073 181 4134 V,
194 4072 273 4137 3811:
298 4072 412 4124 Factum
434 4081 471 4123 est
491 4079 578 4123 autem
596 4071 643 4123 boc
657 4072 792 4138 proelium
810 4080 934 4137 quartam
954 4088 1024 4121 anno
1045 4071 1078 4120 ab
1097 4071 1184 4120 incar·

67 4145 178 4197 rtatim
197 4144 308 4197 Domini
321 4145 400 4208 1080,
419 4145 514 4197 Idibus
531 4143 647 4197 Octobris
658 4145 736 4211 feria
756 4148 781 4196 b.
812 4144 853 4196 of.
867 4144 1037 4208 Grandidier,
1056 4144 1186 4195 ‘Histoire

65 4218 205 4271 d'Alsace.
237 4219 365 4272 Prenvos'
383 4219 422 4282 11,
441 4236 465 4285 p.
485 4217 546 4269 181.
568 4225 594 4270 et
612 4218 775 4270 Bernoldum
795 4218 854 4281 (SS.
863 4219 895 4278 V,
915 4235 941 4282 p.
952 4216 1034 4281 436):
1054 4224 1078 4266 et
1092 4224 1187 4281 posteo

69 4309 125 4343 uae
148 4289 192 4343 die
210 4301 350 4357 superstes,
376 4292 495 4344 omnibus
519 4289 575 4342 sais
599 4290 650 4342 rite
674 4290 814 4355 ordinatis,
839 4291 875 4341 ad
893 4289 1037 4341 Dominum
1059 4289 1187 4357 miqrasse

65 4363 395 4416 machinantibus
418 4363 542 4417 Octobris.
599 4365 920 4432 superincumbam.
977 4359 1008 4427 ὁ)
1028 4361 1099 4413 (1.1.
1119 4361 1185 4413 8in.
