2812 4830
253 362 304 413 DE
322 364 480 415 UNITATE
499 364 704 417 Eccnnslan
726 363 1002 419 CONSERVANDA.
1133 367 1186 416 13⁷

70 531 138 594 sine
166 529 276 611 altera,
306 530 388 596 duae
408 553 486 597 vero
513 531 702 599 altrinsecus
732 533 876 614 virtutes,
905 533 1009 598 idest
1032 533 1186 600 fortitudo

69 624 165 701 atque
194 617 406 700 temperantia
433 619 479 680 sic
508 627 583 681 sunt
610 623 766 703 cognatae
795 617 955 702 prioribus
988 625 1083 765 cipue
1113 640 1187 683 con-

70 700 209 780 iunctae,
231 710 276 782 ut,
292 698 369 764 dum
386 700 519 767 dextera
536 702 701 766 contendit
719 700 972 785 ,imbecillitatem
987 703 1021 764 in
1045 724 1188 767 rmorum

68 784 237 865 sustinere,
258 785 385 848 sinistra
399 795 639 870 contemperata
660 787 701 851 sit
726 796 758 849 et
780 783 926 868 sollicita,
946 786 1100 870 ordinem,
1122 809 1187 852 mo·

70 866 147 932 dum
175 878 272 955 atque
298 871 569 955 opportunitatem
590 869 686 936 rebus
708 867 841 953 singulis
873 892 1048 936 reservare.
1097 872 1188 938 Haec

68 954 163 1017 iuxta
206 955 396 1019 sententiam
437 954 525 1019 beati
568 954 785 1040 Hieronymi1
824 976 848 1021 a
882 979 1034 1022 omomeoa
1071 980 1133 1022 sans
1164 981 1189 1024 a

68 1051 245 1114 mimante,
270 1069 320 1118 quo
349 1051 447 1105 scilicet
474 1053 566 1104 monili
589 1053 659 1104 sitit
682 1061 727 1118 est,
752 1036 865 1123 inquil,
886 1052 1038 1117 pretiosius,
1062 1053 1131 1105 nibil
1155 1070 1188 1106 ea

67 1141 232 1192 peramarum
258 1126 387 1177 varietate
410 1126 568 1192 distinctius,
594 1128 702 1193 quando
725 1144 758 1178 aa
782 1124 853 1178 omni
865 1133 945 1192 parte
969 1126 1112 1190 decoraris,
1133 1125 1187 1178 cia·

67 1207 140 1274 ports
177 1216 254 1273 osque
283 1210 438 1277 protegeris.
490 1194 584 1259 Unde
618 1204 651 1259 et
683 1194 776 1259 docet
810 1193 891 1258 liber
926 1191 1185 1275 Ecclesiasticus,
1196 1176 1322 1279 ffissss’,

70 1275 240 1361 quoniam:
269 1277 394 1342 Beatus
417 1279 478 1359 vir,
528 1281 567 1343 ai
587 1281 624 1343 ia
654 1280 823 1364 sapientia
851 1278 1043 1360 morabitur,
1074 1288 1102 1343 et
1130 1281 1188 1365 qai

69 1361 107 1422 ia
136 1362 266 1425 iustitia
295 1383 358 1426 aaa
386 1302 597 1427 meditaiitar
622 1373 652 1426 et
678 1365 715 1426 ia
742 1385 838 1426 sensa
868 1384 903 1426 co
927 1362 1021 1427 itabit
1048 1364 1187 1428 circam-

68 1446 264 1528 spectioncm
284 1444 351 1511 Dei
357 1469 369 1527 ,·
392 1449 526 1510 statuit⁸
549 1447 695 1512 casatam
719 1447 786 1511 sive
809 1466 870 1510 cuc
916 1467 969 1508 am
997 1447 1043 1510 ad
1067 1470 1187 1512 martas

67 1527 163 1592 atius
192 1538 221 1592 et
248 1532 382 1592 statuit¹¹
410 1531 508 1595 simul
531 1530 623 1614 filios
651 1553 727 1596 saos
756 1530 813 1594 aab
847 1531 986 1615 tepmiaa
1017 1530 1120 1612 illias,
1153 1540 1189 1594 at

69 1614 297 1698 requiescenti
319 1614 403 1678 bona
420 1637 485 1700 per
499 1638 614 1679 accam
635 1617 673 1679 ia
690 1615 805 1679 casula
828 1615 897 1678 sive
918 1615 953 1677 in
969 1613 1092 1680 cuculla
1107 1617 1188 1680 aias.

69 1697 166 1760 Sicut
192 1697 277 1760 enim
301 1698 413 1763 scribit
433 1697 576 1762 Isidorus
602 1700 794 1784 episcopus²
821 1697 856 1760 in
877 1696 959 1761 libro
984 1700 1033 1766 19.
1056 1699 1189 1785 Etyma-

67 1779 247 1866 logiarum:
274 1795 373 1848 Oasala
392 1805 429 1848 est
447 1797 525 1850 acatia
545 1799 686 1862 cucullata,
706 1797 779 1849 dicta
791 1812 846 1862 per
858 1795 1059 1848 dimicationem
1078 1816 1096 1849 a
1115 1816 1188 1862 casa,

69 1896 99 1931 eo
113 1880 186 1945 qood
205 1886 286 1932 totam
305 1879 434 1931 bominem
453 1888 522 1948 teqat
534 1880 613 1947 quasi
625 1881 711 1932 minor
726 1896 805 1941 aaaa,·
823 1878 886 1930 iada
906 1887 930 1931 ct
943 1881 1055 1944 cacalia,
1074 1867 1187 1952 inquit,

67 1963 150 2028 quase·
175 1960 262 2014 minor
280 1964 353 2015 cella.
393 1947 514 2013 Scribit
540 1957 648 2014 autem
668 1945 898 2012 monachorum
920 1955 1013 2032 pater
1033 1948 1189 2014 Benedic-

68 2039 161 2094 tus³2
184 2044 320 2113 Sufficere,
340 2031 499 2118 inquiens,
524 2048 655 2100 oredimus
684 2045 819 2098 monacbis
839 2063 891 2111 per
916 2046 1031 2112 siapudrs
1058 2049 1189 2099 cucullam

68 2136 93 2181 ct
117 2128 236 2180 tunicam
261 2137 285 2181 at
304 2130 444 2195 scapulare
461 2137 570 2197 propter
591 2148 681 2198 opera.
719 2114 805 2178 Eece
832 2114 937 2198 primo
959 2113 1038 2179 facit
1058 2137 1188 2199 genera-

66 2194 134 2261 lem
168 2219 264 2282 super
292 2210 380 2262 veste
412 2197 562 2262 monachi
593 2198 853 2284 descriptionem,
881 2219 920 2261 ac
951 2197 1065 2264 deinde
1094 2199 1189 2265 infert

68 2302 241 2345 numerum
272 2289 304 2345 et
335 2281 536 2368 qualitatem:
565 2296 669 2366 Sufficit
699 2296 777 2360 esim,
805 2281 940 2368 inquis,
968 2298 1094 2350 monacho
1118 2300 1189 2350 daos

69 2372 189 2424 acuam
209 2371 305 2423 tatere
324 2381 348 2424 at
366 2373 435 2424 daos
454 2373 559 2424 tunicas
573 2378 686 2438 propter
706 2378 793 2423 auctos
818 2377 842 2423 et
856 2377 965 2437 proptor
983 2372 1096 2424 locare⁰
1115 2373 1189 2438 ipsas

68 2473 121 2507 reo.
169 2438 294 2502 Tunica
323 2441 443 2539 quippe
473 2462 545 2504 cum
578 2441 620 2505 sit
647 2439 744 2504 vestis
773 2439 973 2503 diversarum
1003 2439 1189 2518 formarum,

70 2524 142 2587 sive
157 2524 253 2587 fuerit
267 2522 360 2603 linea,
384 2545 453 2588 sive
474 2523 577 2607 lanea,
599 2526 666 2588 sive
681 2522 816 2610 pellicea
837 2534 932 2610 atque
947 2523 1010 2587 alia
1031 2523 1191 2588 eiusmodi

70 2607 221 2693 plurima,
252 2606 304 2671 hic
333 2609 451 2673 dicitur
479 2621 564 2674 certe
590 2608 663 2672 talis
693 2609 812 2688 tunica,
842 2606 944 2694 qualis
973 2619 1021 2674 est
1049 2611 1190 2691 camisia,

90 2714 208 2756 uarum
231 2691 313 2757 duae
334 2714 354 2755 a
372 2702 481 2757 sancto
496 2693 672 2757 Benedicta
694 2701 866 2778 propterea
886 2693 1061 2779 unicuique
1082 2715 1191 2757 mona·

71 2713 132 2840 ino
162 2777 400 2862 permittuntur,
430 2799 495 2841 non
521 2786 556 2841 ut
584 2774 678 2841 simul
706 2785 881 2861 portentur,
912 2776 968 2840 sed
991 2787 1028 2841 ut
1047 2778 1191 2842 vicissim

71 2859 256 2943 induantur,
284 2869 329 2944 ut,
352 2860 429 2925 dum
451 2884 516 2926 una
541 2861 675 2938 lavatur,
699 2860 784 2945 quod
802 2868 850 2924 est
873 2857 990 2924 ‘lavare
1011 2861 1100 2946 ipsas
1121 2861 1190 2942 res’,

73 2943 173 3010 altera
194 2946 229 3008 in
250 2967 311 3008 usu
333 2944 505 3028 habeatur3
528 2955 560 3011 et
577 2946 693 3008 iccirco
709 2953 820 3008 contra
833 2955 1041 3029 praeceptum
1057 2945 1191 3010 Domini

73 3027 123 3093 vel
149 3029 285 3093 aliorum
313 3041 495 3095 sanctorum
524 3040 653 3116 patrum
678 3029 748 3114 ipse
798 3035 866 3090 ater
890 3027 1085 3092 Benedictus
1111 3028 1191 3093 nihil

75 3113 222 3178 docuisse
250 3113 301 3179 vel
331 3116 534 3179 constituisse
562 3114 725 3200 probatur.
769 3049 865 3192 &aad
891 3121 997 3177 autem
1026 3114 1191 3179 constituit

75 3208 206 3285 propter
226 3208 337 3263 noctes
359 3200 455 3264 etiam
475 3198 556 3263 tales
577 3199 702 3262 tunicas
724 3195 845 3277 haberi,
866 3195 941 3260 inde
963 3207 1020 3278 est,
1048 3197 1134 3283 quod
1156 3199 1190 3261 in

77 3281 136 3346 alio
158 3282 290 3368 regulae
312 3305 388 3347 suae
410 3282 572 3369 capitulo⁵
598 3282 768 3368 praecipit,
796 3287 833 3343 ut
860 3281 1009 3345 monachi
1031 3280 1191 3345 dormiant

76 3368 183 3432 vestiti
212 3377 244 3432 et
276 3368 413 3452 cingulis
442 3369 628 3453 praecincti,
659 3366 811 3452 quoniam
838 3367 970 3429 camisia
999 3364 1080 3430 solet
1100 3388 1190 3452 prae-

78 3452 172 3536 cingi.
224 3467 307 3520 coma
339 3455 441 3533 enim,
472 3452 557 3516 unde
589 3451 706 3516 dicitur
740 3449 888 3530 camisia,
921 3471 958 3516 est
986 3463 1072 3518 aeota
1102 3467 1191 3528 acam,

79 3537 157 3600 sicut
179 3537 213 3599 in
232 3537 282 3600 20.
295 3534 377 3601 libro
395 3535 673 3621 Etymologiarum
696 3533 808 3598 scribit
821 3533 965 3597 Isidorus
987 3533 1191 3619 episcopus0.

78 3618 118 3685 Et
144 3642 244 3706 supra
265 3621 298 3681 in
324 3620 372 3685 19.
401 3621 520 3685 libr0':
549 3636 688 3700 Camisiaa
714 3618 827 3705 inquii,
851 3638 988 3695 vocantur,
1014 3631 1079 3697 qaia
1103 3631 1133 3683 ia
1152 3632 1192 3683 bis
1263 3649 1264 3652 ¹

79 3719 222 3771 dormimus
241 3717 271 3769 ia
290 3720 380 3784 camis,
398 3719 429 3771 id
447 3726 485 3771 est
503 3720 533 3770 ia
551 3718 641 3770 stratis
659 3716 764 3769 nostris.
801 3700 952 3765 Ceterum
966 3699 1106 3764 Basilius
1127 3700 1192 3786 epi-

78 3809 195 3873 scopus
223 3786 335 3851 scribit
362 3789 395 3850 in
425 3787 536 3873 regula
563 3808 622 3850 sua
644 3787 684 3850 de
704 3785 903 3849 institutione
925 3784 1192 3850 monachorumss:

79 3876 142 3928 Oam
161 3885 249 3929 aetem
268 3878 337 3928 duas
356 3878 461 3929 tunicas
474 3878 570 3930 babere
578 3875 719 3942 probibeat
736 3891 820 3926 sermo
834 3875 951 3937 divinas,
970 3875 1098 3942 quomodo
1106 3879 1195 3941 potest

79 4004 100 4057 a)
117 4009 203 4047 statuat
222 4006 282 4057 Vota.
342 4005 367 4058 b)
384 4010 407 4047 et
422 4008 570 4057 requiescant
588 4005 648 4054 Vota.
710 4003 731 4056 c)
748 4006 772 4043 et
786 4003 838 4042 ada.
857 4006 877 4043 l.

79 4110 106 4178 1)
126 4112 239 4163 Hieron.
258 4113 345 4178 Epist.
364 4112 399 4162 ad
418 4112 596 4177 Nepotianum
619 4109 637 4162 l.
653 4110 672 4160 l.
748 4110 776 4175 2)
796 4108 894 4159 Isidori
913 4108 1004 4174 Opera
1022 4108 1072 4168 IV,
1090 4126 1116 4174 p.
1130 4106 1193 4158 458.

77 4184 108 4250 3)
131 4186 236 4236 Bened.
255 4185 362 4251 Regula
381 4203 404 4236 c.
425 4184 468 4234 55.
544 4182 573 4249 4)
599 4183 672 4235 Ibid.
746 4185 773 4246 ὃ)
794 4181 864 4233 Ibid.
886 4196 908 4232 c.
929 4182 973 4234 22.
1049 4181 1076 4245 6)
1096 4181 1195 4232 Isidori

78 4260 170 4325 Opera
187 4260 235 4320 IV,
254 4277 281 4325 p.
302 4258 363 4310 508.
441 4258 468 4324 7)
488 4257 557 4309 Ibid.
577 4274 604 4322 p.
623 4255 687 4309 452.
761 4255 792 4322 8)
812 4255 840 4306 S.
853 4255 950 4306 Basilii
964 4257 1042 4319 Reg„
1061 4270 1131 4320 resp.
1150 4254 1194 4317 23,

78 4333 170 4400 Opera
189 4334 231 4383 ed.
249 4332 351 4385 Bened.
373 4332 453 4396 1722,
473 4331 511 4392 ΙΙ,
531 4348 558 4398 p.
577 4330 639 4380 369.
