2804 4830
198 369 234 418 54
389 367 440 418 DE
459 365 618 418 UNITATE
638 365 842 417 Eccnuslau
863 363 1140 416 consulatuum.

283 536 312 599 9.
356 534 451 598 Hanc
480 533 591 619 utique
618 534 791 618 imaginem
813 531 1007 597 Hildebrant
1032 541 1063 596 et
1084 531 1229 616 episcopi
1252 532 1321 596 eius

196 621 232 682 in
246 639 322 702 rege
339 617 505 682 Henricho
528 628 559 683 et
575 617 711 683 oderunt
732 628 764 682 ct
785 619 948 702 persecuti
971 626 1054 699 sunt,
1070 624 1102 681 et
1116 624 1319 701 potestatem,

94 763 99 772 .
199 725 283 788 quae
313 724 333 766 a
354 701 427 767 Deo
457 711 515 784 est,
546 724 610 787 qua
638 710 671 767 et
697 701 768 787 ipse
794 700 900 766 adhuc
921 709 1034 785 regnat
1054 708 1151 787 atque
1173 700 1321 784 imperat,

198 796 232 851 et
253 785 390 851 oderunt
410 796 442 851 et
463 787 624 873 persecuti
645 794 729 866 sunt,
754 785 902 871 ideoque,
916 785 1089 870 assumptis
1112 783 1174 848 sibi
1189 783 1322 870 quibus·

198 869 274 933 dam
303 871 451 935 scissuris
478 872 582 1017 regini,
612 871 843 934 constituerunt
865 879 977 934 contra
999 869 1233 933 ordinationem
1256 868 1321 934 Dei

198 952 297 1017 alium
319 977 438 1039 regem,
465 955 517 1018 Ru
543 954 639 1018 olfum
666 953 788 1018 scilicet
810 955 925 1018 ducem
950 954 1142 1033 Suevorum,
1172 952 1232 1016 sub
1256 975 1320 1038 quo

197 1037 431 1122 praeliarentur
451 1038 570 1104 bellum
593 1059 696 1120 suum,
725 1059 788 1124 quo
811 1036 1008 1123 quaerebant
1038 1035 1186 1101 omnibus
1215 1037 1320 1101 modis

197 1122 390 1187 mortificare
419 1145 529 1208 regem
551 1122 763 1203 Henrichum,
794 1123 971 1207 cupientes,
995 1143 1130 1207 corpore
1153 1129 1185 1186 ct
1211 1122 1322 1184 anima

196 1207 303 1291 perire
326 1229 409 1270 eum.
445 1208 550 1293 Igitur
571 1227 655 1270 anno
677 1208 718 1271 ab
740 1207 960 1270 incarnatione
979 1205 1113 1270 Domini
1131 1204 1222 1268 1077.
1246 1227 1322 1270 oon-

196 1299 353 1355 venerunt
382 1313 490 1356 mense
512 1291 628 1355 Martio
658 1291 767 1375 episco
792 1290 804 1352 i
833 1299 866 1354 et
886 1292 1060 1376 principes,
1087 1291 1142 1376 qui
1164 1298 1257 1354 erant
1279 1313 1321 1355 ex

195 1385 288 1458 parte
311 1373 517 1440 Hildebranti
544 1396 658 1461 papae,
686 1385 718 1439 et
746 1313 913 1458 ellegerunt
934 1396 1044 1459 regem
1067 1383 1179 1438 contra
1199 1396 1322 1460 regem,

197 1459 284 1522 circa
312 1459 439 1523 tertiam
470 1458 593 1524 scilicet
622 1457 858 1524 hebdomadam
892 1459 1166 1544 quadragesimae,
1200 1459 1320 1557 quibus

197 1541 320 1606 scilicet
342 1544 552 1608 sacrosanctis
574 1542 690 1608 diebus
711 1543 840 1608 iubetur
854 1542 1027 1608 christiana
1047 1543 1160 1627 religio
1183 1541 1320 1607 allorum

196 1635 379 1710 temporum
415 1626 627 1712 negligentias
655 1627 776 1692 diluere
806 1637 838 1692 et
864 1629 949 1692 sicut
976 1649 1084 1692 rerum
1111 1629 1158 1690 ita
1212 1647 1320 1712 uoque

197 1709 311 1773 offerre
334 1710 406 1774 Deo
429 1710 572 1775 decimas
594 1712 730 1792 dierum,
757 1709 885 1797 quando
908 1712 1005 1776 etiam
1027 1711 1187 1797 praecipit
1242 1712 1321 1774 orni-

197 1815 259 1856 nus
289 1816 347 1879 per
373 1795 611 1880 praedicatores
640 1816 716 1859 suos
744 1796 893 1859 insonare
914 1818 979 1859 non
1001 1796 1129 1879 signum
1152 1793 1241 1876 belli,
1264 1795 1320 1860 sed

198 1875 309 1942 tubam
330 1879 579 1964 praedicationis
601 1880 642 1943 ad
666 1878 911 1943 convocandum
939 1880 972 1943 in
1002 1879 1138 1944 ecclesia
1162 1877 1321 1965 populum

34 1975 188 2030 Ionan-16.
198 1971 332 2048 propter
353 1965 570 2049 poenitentiae
593 1962 746 2029 studium.
782 1962 903 2045 Capite,
925 1965 1040 2049 inquit,
1063 1964 1201 2027 tabula
1224 1962 1320 2044 Sion,

198 2047 402 2128 sonctificate
429 2050 600 2130 ieiunium,
629 2057 739 2112 vocate
768 2058 900 2129 coctum,
930 2058 1126 2134 conprepute
1147 2047 1319 2132 populum,

198 2131 398 2213 sanctificate
414 2132 589 2210 ecclesium,
613 2133 799 2197 coadunate
821 2155 922 2213 senes,
945 2141 1141 2218 conpreqate
1159 2131 1319 2213 paruulos

72 2225 226 2293 ussanet
248 2225 398 2302 superstes
421 2217 532 2281 ubera.
568 2215 612 2280 Et
625 2217 756 2280 iterum:
782 2214 907 2298 Clamo,
930 2240 970 2281 ne
993 2238 1105 2297 cesses,
1129 2217 1228 2300 quusi
1242 2217 1320 2280 tabu

38 2314 41 2326 '
197 2298 308 2364 asculta
329 2322 436 2364 vocem
457 2309 559 2380 tuom,
589 2309 617 2364 et
640 2301 808 2364 conantia
825 2300 952 2386 populo
975 2324 1042 2366 meo
1064 2299 1186 2364 scelera
1209 2322 1320 2364 eoram

196 2393 226 2447 et
240 2385 354 2447 domari
371 2383 468 2447 Iacob
485 2393 625 2468 peccota
640 2406 760 2463 corum,
783 2381 863 2447 dicit
884 2383 1031 2447 dominus
1046 2383 1148 2452 Deus.
1186 2382 1321 2469 Legitur

198 2487 326 2552 quoque
352 2467 386 2528 in
413 2466 495 2530 libro
522 2467 661 2530 Romani
688 2465 809 2531 ordinis
821 2479 841 2549 ¹,
876 2468 952 2554 quia
981 2468 1059 2532 ordo
1092 2469 1320 2533 scrutiniorum

198 2559 313 2634 quarta
339 2549 419 2614 feria
445 2550 559 2616 tertiae
590 2552 625 2615 in
654 2549 902 2637 quadragesima
933 2551 1155 2617 hebdomadae
1187 2562 1320 2650 propter

196 2654 300 2697 novae
323 2632 446 2699 scilicet
466 2635 716 2719 regenerationis
739 2635 947 2701 candidatum
970 2636 1113 2699 initiatur
1138 2645 1170 2700 et
1191 2659 1226 2698 m
1248 2637 1319 2701 sab·

196 2716 272 2781 bato
296 2726 405 2782 sancto
427 2739 546 2804 pascae
568 2718 687 2801 finitur,
710 2728 745 2783 ut
767 2720 942 2785 secundum
964 2720 1135 2784 formam?
1159 2719 1318 2784 donorum

197 2802 336 2885 Spiritus
360 2805 462 2868 sancti
477 2803 495 2866 7
512 2805 667 2869 scrutinia
688 2813 720 2869 ct
740 2803 877 2869 totidem
893 2804 1079 2887 oblationes,
1103 2826 1184 2890 quas
1199 2806 1320 2890 patrini

196 2883 248 2949 vel
269 2887 426 2950 matrinae
448 2908 506 2973 pro
530 2886 639 2954 electis
659 2889 811 2954 iubentur
833 2889 957 2972 offerre,
980 2886 1211 2975 compleantur.
1253 2888 1319 2954 Sed

197 2978 309 3033 contra
330 2969 419 3034 aliud
440 2992 525 3035 nunc
547 2972 726 3038 instituitur
746 2975 807 3039 iter
851 2994 926 3036 uam
947 2973 989 3038 ad
1004 2971 1318 3059 baptismumpnam

197 3053 283 3116 circa
304 3053 388 3117 hano
409 3056 537 3121 tertiam
560 3057 823 3143 quadragesimae
867 3056 1080 3121 ebdomadam
1109 3057 1236 3121 canitur
1261 3080 1320 3143 per

197 3137 397 3222 supradictos
426 3141 596 3227 episcopos
625 3144 717 3226 quasi
745 3141 895 3205 bellicum
926 3141 1088 3226 quoddam
1118 3141 1255 3226 signum,
1284 3151 1321 3206 ut

197 3233 395 3308 congregent
426 3224 582 3310 populum
616 3227 808 3291 constituere
841 3225 903 3289 sibi
934 3248 1045 3311 regem
1077 3248 1208 3289 novum.
1253 3225 1319 3306 Qui

197 3315 282 3371 certe
305 3305 474 3390 Rudolfus,
497 3331 570 3374 cum
593 3309 700 3375 media
722 3309 979 3396 quadragesima,
1002 3310 1053 3374 die
1076 3309 1198 3374 scilicet
1219 3309 1319 3374 domi-

121 3396 185 3436 ¹⁰⁷⁷·
196 3392 279 3472 nica,
309 3414 367 3477 per
397 3393 587 3477 Sigifridum
614 3394 822 3478 Moguntinae
852 3392 1006 3458 ecclesiae
1039 3392 1317 3481 archiepiscopum

74 3454 141 3497 Mm’
151 3455 186 3497 ¹⁹·
197 3474 405 3556 ordinaretur,
429 3479 584 3562 sanguine
606 3479 779 3543 multorum
801 3478 965 3542 hominum
986 3478 1142 3561 initiatur,
1165 3479 1317 3564 quoniam

196 3559 383 3644 Moguntiae
415 3560 518 3646 plebis
551 3561 723 3627 multitudo
755 3560 959 3626 conclamans
991 3570 1088 3649 atque
1122 3584 1317 3628 concurrens

196 3644 238 3709 ad
268 3645 427 3709 eiusmodi
456 3646 620 3711 seditionis
647 3655 833 3733 portentum
862 3645 1036 3733 repellitur,
1066 3646 1196 3732 fugatur
1220 3656 1318 3733 atque

197 3728 361 3810 occiditur,
393 3737 424 3792 et
453 3730 599 3812 ecclesia,
625 3731 659 3794 in
688 3753 751 3830 qua
776 3730 861 3795 facta
883 3741 932 3795 est
952 3730 1032 3795 haec
1055 3730 1223 3813 ordinatio,
1246 3755 1318 3797 san·

195 3814 294 3894 guine
317 3816 414 3877 etiam
428 3814 598 3879 violatur².
630 3815 769 3880 Promde
784 3836 852 3897 vos,
897 3816 932 3878 ui
946 3816 1081 3880 tremitis
1104 3815 1146 3879 ad
1160 3815 1317 3880 iudicium

195 3896 339 3978 Domini,
362 3897 515 3963 attendite
538 3898 672 3964 obsecro
694 3899 847 3964 iudicium
904 3900 1012 3964 omini.
1048 3901 1224 4000 Postquam
1240 3923 1317 3966 vero

196 3979 247 4045 ille
275 3979 431 4045 Rudolfus
459 4005 518 4046 rex
548 3993 660 4069 quarto
688 3983 896 4047 ordinationis
925 4005 1002 4049 suae
1032 4005 1116 4048 anno
1139 4007 1173 4048 rn
1193 3984 1316 4070 praelio

199 4179 224 4242 1)
245 4179 318 4230 Ordo
331 4179 467 4230 Romanus
477 4182 539 4243 VII,
553 4180 683 4231 Mabillon
694 4181 780 4231 Musei
793 4181 885 4232 Italici
898 4190 962 4234 tom.
974 4184 1012 4244 11,
1026 4201 1052 4250 p.
1064 4183 1109 4234 82.
1148 4184 1176 4249 2)
1192 4185 1233 4237 cf.
1248 4187 1316 4237 Bru·

195 4266 293 4301 nonem
308 4251 427 4301 debello
442 4253 503 4304 Sex.
517 4253 576 4319 (SS.
592 4255 624 4316 V,
638 4254 702 4304 365.
721 4259 748 4305 et
761 4255 840 4320 366J3
861 4257 895 4309 ct.
910 4257 977 4308 Paul
991 4256 1131 4309 Bernried.
1151 4258 1314 4320 (Watterich

196 4325 250 4375 Vit.
271 4324 365 4390 pontif.
386 4324 408 4387 I,
428 4343 453 4391 p.
474 4325 550 4393 531).
