2812 4830
243 370 291 422 DE
311 369 468 420 UNITATE
488 366 693 418 sccaaslsu
714 365 987 418 OONSERVANDA.
1142 368 1175 418 25

55 543 132 594 debet
150 542 243 603 induci
262 541 397 606 confusia!
437 539 512 602 Quod
531 540 581 590 bac
601 539 781 592 observatione
800 541 958 605 servabitur,
978 541 1002 591 si
1020 541 1088 591 nibil
1100 551 1176 607 pote-

56 623 127 685 stati,
153 626 200 676 secl
225 632 306 676 totum
330 621 460 688 aequitati
483 621 618 674 tribuitur.
656 607 728 672 Hoc
749 606 911 672 Fabianus
933 629 1020 756 pap?
1049 609 1176 706 scripsit

58 702 90 756 et
111 691 231 773 docuit,
254 703 285 756 et
313 690 375 754 hoc
397 691 542 753 Romana
572 688 708 754 eeclesia
759 692 829 755 uasi
859 693 959 756 divini
1009 699 1068 756 etri
1095 713 1174 757 voce

57 775 218 841 firmatum
246 775 358 854 tenuit,
388 773 490 837 donec
517 770 570 836 ille
599 795 685 859 papa
705 713 897 840 Hddebrant
922 775 1029 841 omnia
1051 786 1175 840 contur-

58 859 176 941 bavit1,
207 860 262 945 qui
290 859 415 942 regiam
442 865 641 941 potestatem,
664 879 760 943 quam
782 869 891 945 utpote
912 883 932 924 a
953 861 1025 924 Deo
1047 881 1175 924 conces·

57 965 128 1007 sam
151 942 294 1008 defendit
316 940 473 1005 catholica
494 939 637 1023 ecclesia,
659 940 794 1006 multum
815 965 874 1028 per
896 966 1022 1009 omnem
1044 943 1174 1008 modum

56 1027 271 1095 inhonoravit.
304 1026 426 1110 Regem
441 1025 536 1106 enim,
559 1046 653 1110 quem
674 1025 876 1091 honorificari
897 1027 1061 1112 apostolus
1084 1050 1175 1113 prae-

56 1112 149 1196 cipit,
171 1112 241 1208 ipse
255 1110 295 1174 de
309 1109 448 1194 pessimo
464 1107 596 1172 crimine
611 1110 786 1192 accusavit,
810 1111 894 1196 quod
914 1132 979 1175 non
993 1109 1174 1258 probavit¹.

58 1196 135 1280 Ipse
154 1203 251 1258 etlam
265 1193 359 1257 huius
373 1193 587 1256 accusationis
609 1195 699 1258 testis
722 1195 854 1277 exstitit,
877 1197 953 1280 quia
974 1218 994 1259 a
1007 1197 1054 1258 ios
1076 1205 1174 1260 testes

58 1300 125 1341 non
154 1277 309 1359 adhibuit,
336 1278 406 1362 ipse
435 1277 532 1342 etiam
558 1275 656 1341 iudex
683 1279 814 1356 exstitit,
837 1281 913 1365 quia
934 1301 1043 1364 regem
1065 1301 1098 1343 se
1120 1301 1174 1343 ex·

58 1363 313 1426 communicasse
327 1360 506 1447 perhibuit;
529 1362 590 1425 sori
616 1361 657 1424 sit
672 1365 778 1443 etiam,
801 1363 884 1428 sieut
899 1385 996 1448 supra
1013 1365 1077 1426 iam
1093 1362 1174 1426 dixi-

59 1469 143 1528 mus,
165 1445 250 1531 quod
271 1446 340 1531 ipse
361 1446 431 1529 regi
452 1445 549 1509 tuerit
571 1383 719 1510 odensus.
754 1446 819 1511 Sed
839 1447 998 1512 eiusmodi
1011 1445 1064 1511 vel
1081 1468 1174 1511 aecu-

57 1540 178 1595 satores
207 1529 259 1594 vel
285 1538 382 1595 testes
411 1527 568 1594 catholica
600 1529 734 1596 eeclesia
765 1553 829 1594 non
858 1533 988 1619 recipit,
1021 1532 1172 1617 quoniam

60 1612 234 1687 Anacletus
250 1636 335 1700 papa
353 1613 400 1678 sic
415 1614 543 1699 scripsit
564 1613 656 1678 etsie
672 1613 815 1679 docuit³:
837 1631 996 1696 Iaoffmsus,
1015 1617 1174 1762 inpuiens,

58 1719 242 1763 accusatorum
262 1719 285 1764 et
302 1712 406 1763 testium
426 1713 533 1777 affectus
549 1713 717 1778 quaerendas
736 1723 783 1778 est,
801 1732 856 1765 non
871 1722 1016 1779 suspectus.
1076 1698 1174 1764 toal-

59 1779 151 1844 llstus
166 1789 289 1865 papa4:
313 1794 389 1845 Nee⁵
403 1796 578 1858 accusatores,
600 1781 713 1865 inquii,
731 1812 778 1846 nec
791 1802 865 1846 testes
877 1794 991 1859 samecti
1001 1796 1173 1862 recipiantur,

56 1886 141 1935 neque
161 1870 266 1921 absente
285 1886 322 1930 eo,
343 1884 419 1932 quem
438 1884 563 1919 accusare
581 1869 700 1931 caluerit,
721 1867 868 1933 quicunque
887 1878 1025 1919 accusator
1039 1871 1174 1922 creamur.

59 1950 188 2002 Similiter
206 1958 290 2014 testes,
315 1936 369 2016 ait,
385 1966 438 2015 per
456 1966 638 2015 quamcunque
656 1948 815 2014 scripturam
828 1947 1002 1999 testimonium
1021 1956 1096 2002 nona
1109 1970 1174 2017 pro·

49 2019 182 2089 ferantb,
202 2025 249 2075 sed
267 2033 421 2089 praesentes
443 2039 476 2074 ea
495 2023 536 2073 liis
560 2040 628 2088 qaae
652 2023 777 2075 ciderunt
803 2031 826 2072 et
848 2031 977 2073 noverunt
1001 2024 1175 2076 testimonium

57 2107 163 2158 dicant.
195 2090 307 2175 Igitur,
323 2092 407 2155 sicut
420 2089 582 2154 Damasus
598 2111 725 2175 quoque
740 2110 826 2174 papa
840 2088 985 2152 scribite:
1005 2103 1175 2158 Accusatores

58 2190 85 2230 et
104 2179 205 2231 iudices
224 2180 304 2232 iidem
322 2198 375 2232 non
394 2180 489 2231 debent
507 2196 570 2244 esse,
589 2180 636 2231 sed
649 2197 701 2245 per
713 2195 740 2230 se
759 2179 868 2239 iudices,
883 2195 935 2244 per
953 2196 980 2230 se
1001 2187 1174 2243 accusatores,

51 2269 109 2317 per
132 2270 159 2304 se
186 2262 268 2317 testes,
290 2271 342 2319 per
367 2270 394 2305 se
414 2253 539 2315 accusati,
559 2255 739 2319 unusquisque
757 2250 787 2302 in
805 2269 852 2303 suo
872 2251 1056 2303 ordinabiliter
1075 2254 1175 2305 ordine.

59 2320 111 2383 De
135 2321 252 2406 quibus
274 2322 370 2384 etiam
392 2320 514 2406 inquii:
541 2335 665 2386 Omnibus
683 2352 749 2387 cera
773 2350 875 2399 semper
885 2335 939 2400 fiat
962 2335 1089 2400 aequitas,
1109 2352 1174 2400 qua-

58 2409 131 2460 tinus
151 2409 325 2462 accusationis
345 2417 369 2462 et
386 2407 481 2461 iudicii
499 2427 530 2460 ac
549 2407 689 2459 testimonii
707 2408 849 2459 mercedem
863 2409 1068 2472 pernicitatem
1091 2416 1174 2475 qesta·

58 2510 121 2543 rum
139 2491 261 2559 consequi
280 2494 396 2544 valeant.
434 2476 514 2557 Quis
544 2484 650 2539 autem
676 2475 818 2539 iudicem
839 2474 1005 2557 iudicabit,
1035 2477 1090 2560 qui
1110 2476 1175 2539 Dei

59 2561 207 2624 minister
227 2570 283 2642 est,
305 2559 426 2624 vindex
446 2561 481 2622 in
501 2561 583 2624 iram
605 2561 635 2623 ei
662 2561 718 2645 qui
745 2557 866 2621 malum
887 2559 963 2642 agit,
993 2581 1087 2644 quem
1109 2581 1174 2622 non

61 2644 130 2708 sine
152 2666 250 2708 causa
270 2653 398 2729 portare
418 2642 561 2729 gladium
587 2641 750 2729 apostolus
773 2642 871 2706 dicit?
916 2643 1099 2724 Uerissimi,
1127 2645 1173 2706 in·
1186 2663 1271 2704 issa.
1280 2663 1299 2712 a
1308 2660 1334 2700 1⁸

59 2729 139 2813 quit,
162 2729 296 2792 subiecti
309 2737 403 2794 estote
425 2731 514 2792 omni
535 2729 700 2792 hennacae
722 2736 892 2792 creaturae
904 2737 1044 2813 propter
1058 2728 1173 2809 Decem,
1229 2721 1293 2761 ἠ

59 2815 127 2876 sive
155 2815 237 2898 rapi,
267 2815 364 2898 quasi
391 2811 609 2896 praecellenti,
637 2815 703 2876 sive
725 2813 872 2892 ducibus,
894 2819 1053 2895 tanquam
1076 2815 1116 2874 ab
1139 2835 1174 2876 eo

60 2897 171 2960 missis
199 2897 244 2960 ad
272 2897 452 2960 vindictam
474 2895 731 2981 malefactorum,
759 2893 890 2958 laudem
910 2917 985 2959 aero
1009 2895 1174 2974 botrorum,

82 2983 217 3045 aoniam
238 2985 284 3045 sic
299 2981 448 3044 voluntas
463 2980 531 3043 Dei
551 2989 606 3060 est,
628 2989 664 3042 ut
684 2979 895 3064 benffaciatis
916 2989 946 3042 et
968 2979 1176 3045 obmutescere

49 3005 199 3150 iaciatis
220 3065 476 3149 imprudentiam
500 3063 664 3128 bominum
684 3063 923 3148 iquoraatiam,
953 3066 1050 3147 quasi
1071 3064 1175 3144 liberi,

61 3157 91 3210 et
112 3171 178 3212 non
201 3151 299 3232 quasi
320 3148 463 3212 velamen
486 3148 635 3212 babentes
653 3146 801 3210 malitiae
814 3145 1000 3227 libertatem,
1023 3148 1078 3211 secl
1092 3150 1176 3211 sicut

64 3236 152 3297 servi
166 3233 239 3296 Dei.
279 3232 394 3296 Omnes
409 3232 627 3315 honorificate,
641 3231 888 3316 fraternitatem
909 3228 1047 3316 diliqite,
1070 3233 1176 3296 Deam

61 3318 176 3397 timete,
198 3339 305 3402 reqem
327 3315 558 3398 honorificate!
600 3315 691 3379 Haec
713 3312 843 3400 quidem
872 3323 1022 3400 potestas,
1052 3336 1134 3401 quae
1157 3337 1176 3376 a

60 3400 134 3464 Deo
163 3399 309 3464 ordinata
336 3408 393 3480 est,
425 3410 456 3464 et
483 3422 564 3486 quae
585 3400 712 3465 iubetur
733 3399 945 3480 honorificari,
968 3399 1024 3463 ubi
1045 3399 1175 3479 tandem

60 3483 157 3548 debet
187 3482 344 3548 iudicari?
386 3483 502 3548 Utrum
531 3485 565 3547 in
597 3482 741 3566 eeclesia,
775 3503 817 3545 an
848 3484 882 3547 in
915 3483 1027 3546 curia?
1072 3481 1107 3546 si
1143 3483 1176 3544 in

59 3567 205 3650 ecclesia,
238 3568 370 3632 fortasse
399 3567 533 3632 ecclesia
563 3568 599 3632 fit
625 3567 723 3650 curia,
753 3588 834 3652 quae
862 3591 882 3632 a
909 3588 1020 3631 cruore
1049 3566 1175 3647 dicitur,

59 3775 83 3829 a)
100 3779 155 3817 deest
172 3781 191 3817 1.
251 3776 275 3829 b)
291 3779 411 3827 perferant
426 3780 447 3819 1.
478 3777 554 3828 Recepi
568 3777 632 3816 verba
649 3777 739 3818 Callisti.

63 3957 92 4020 1)
113 3955 153 4005 Of.
175 3957 298 4019 Gregorii
318 3958 395 4023 epist.
416 3954 531 4018 collect,
550 3953 620 4005 Jsffe
640 3971 665 4022 p.
684 3955 745 4005 539.
827 3954 854 4017 2)
876 3952 917 4003 cf.
937 3952 1073 4002 Baunonia
1093 3951 1177 4001 Gesta

61 4035 89 4079 et
108 4030 173 4080 Vita
192 4029 315 4079 Hildebr.
334 4028 379 4080 ed.
398 4029 473 4081 Orth.
494 4029 600 4080 Gratius
619 4045 645 4093 p.
660 4028 704 4080 41.
764 4024 793 4092 3)
813 4025 935 4091 Epistula
952 4023 1077 4075 Anscleti
1095 4025 1176 4074 tertis

61 4118 105 4168 ap.
127 4103 285 4153 Hinsehium
304 4121 329 4170 p.
350 4101 395 4152 84.
469 4100 499 4167 4)
525 4101 649 4167 Epistula
669 4099 777 4151 callixti
802 4098 922 4149 secunda
940 4098 975 4147 ad
994 4112 1086 4147 omnes
1106 4095 1176 4146 Gall.

61 4176 167 4226 urbium
188 4177 270 4242 spise.
291 4176 372 4240 c.1'l‚
393 4176 538 4227 Hinschius
558 4189 583 4239 p.
601 4175 661 4226 141.
718 4173 744 4237 b)
766 4173 806 4222 cf.
826 4172 903 4239 epist.
923 4169 1058 4222 Gebhardi
1079 4169 1176 4220 Salisb.

63 4248 106 4300 ed.
126 4248 284 4314 Tsngnagel
307 4266 335 4314 p.
354 4247 397 4300 20.
472 4249 499 4314 6)
525 4249 642 4298 Decreta
667 4248 778 4296 Damasi
803 4260 890 4311 papae
917 4259 940 4293 e.
963 4243 1004 4306 16,
1030 4242 1176 4293 Hinschius
