2812 4830
231 329 266 381 58
426 328 478 379 Dr.
496 327 656 378 vamur:
674 324 879 378 ECCLESIAE
899 323 1182 376 consuamus,

231 498 432 563 desideriam
447 498 580 560 animas
594 496 767 574 exarserit,
782 495 896 558 eiiam
909 493 1018 557 lumen
1033 494 1241 557 intrinsecas
1254 495 1348 577 respi-

231 583 285 663 cit,
302 583 334 646 si
351 584 389 646 in
403 581 615 666 inflammans
629 581 721 664 iqnis
736 578 999 663 sanctiferooria
1013 577 1178 656 accendit,
1196 580 1237 641 in
1252 599 1347 662 quon·

231 675 298 730 tam
326 664 417 729 locos
440 665 592 743 admittit,
618 665 654 726 in
677 671 837 748 quantam
859 684 963 725 cause
984 662 1350 746 extenuatissimae

232 749 422 834 defensione
442 749 591 812 institiae
613 756 734 811 nosmet
754 749 847 831 ipsos
862 746 985 810 obicere
1005 755 1035 809 et
1048 750 1223 830 peruersis
1239 747 1288 810 ad
1306 748 1350 809 in·

232 835 323 898 insto
337 831 590 916 erumpentibus,
604 833 702 897 etiarn
717 854 789 895 cunr
804 831 844 894 ab
859 832 904 894 iis
915 852 982 893 non
993 833 1201 914 ammonas,
1217 831 1352 896 obviare.

233 917 323 982 Nam
340 939 411 982 cnon
427 917 599 996 iustitiam,
621 938 720 1002 qaam
735 937 794 979 nos
810 937 969 995 amamus,
991 916 1028 977 in
1045 914 1283 1000 oliiaferiant,
1303 935 1353 978 nos

233 1000 337 1066 nilide
358 1002 470 1066 minas
490 1022 555 1064 suo
572 1001 786 1086 percussione
808 997 1012 1082 confodiant,
1035 1000 1135 1064 etiam
1157 1002 1191 1064 si
1205 999 1353 1064 venanti

233 1085 429 1151 videontnr'.

320 1169 368 1232 12.
401 1167 492 1232 Haec
515 1176 701 1232 sanctorum
722 1175 850 1252 patrum
875 1164 1076 1245 documenta,
1099 1187 1185 1252 quae
1201 1166 1352 1231 convertit

235 1251 287 1317 ille
309 1273 479 1339 perversus
500 1250 543 1314 ad
557 1251 777 1316 confirmanda
791 1248 949 1314 bellorum
970 1249 1086 1332 studia,
1107 1271 1168 1314 nos
1191 1260 1353 1316 teneamus

50 1372 53 1379 ·
99 1358 295 1423 m.sr‚11.pro
311 1336 497 1401 defensione
513 1337 605 1421 pacis
622 1346 759 1400 etverae
775 1335 926 1416 iustitiae,
943 1335 1095 1421 quoniam
1110 1335 1240 1400 iustitia
1252 1343 1353 1419 etpax

236 1419 397 1486 assumtae
420 1428 494 1483 sunt
509 1440 553 1498 se,
576 1441 679 1506 neque
694 1418 758 1482 alia
772 1420 948 1482 sentiamus
963 1417 1004 1481 de
1019 1417 1218 1504 supradictis
1233 1419 1353 1484 ceteris

74 1530 195 1585 suras.
206 1531 227 1574 s.
238 1525 300 1590 que
322 1504 442 1568 sanctis
456 1502 613 1589 patribus,
634 1503 705 1567 ‘nisi
720 1524 933 1589 quaecunque
949 1512 1122 1584 suntvera,
1144 1523 1352 1589 quaeeunque

236 1589 330 1670 iusta,
351 1607 562 1675 quaecunque
581 1595 702 1669 sancta,
723 1607 933 1673 quaecunque
948 1585 1109 1670 amabilia,
1132 1609 1219 1674 quae
1233 1597 1267 1652 et
1281 1586 1353 1650 didi-

236 1672 325 1737 cistis
341 1681 373 1737 et
386 1669 540 1737 audistis'.
563 1670 628 1736 Sed
639 1673 758 1751 videte,
770 1672 913 1754 obsecro,
924 1680 957 1736 et
967 1670 1123 1737 attendite
1135 1693 1175 1735 ea
1188 1694 1257 1758 qua
1268 1692 1353 1756 opor·

235 1764 281 1823 tot
291 1755 466 1843 diligentia,
478 1777 577 1856 quare
588 1754 731 1821 intulerit
742 1755 794 1820 ille
802 1756 1020 1841 suprascripta
1031 1765 1221 1820 sanctorum
1231 1764 1353 1843 patrum

234 1841 425 1922 testimonia,
456 1839 580 1906 scilicet
606 1841 758 1940 quoniam
782 1839 931 1906 Clemens
952 1860 1039 1925 papa
1060 1861 1160 1927 super
1182 1839 1234 1905 his
1257 1837 1351 1920 malis,

235 1945 317 2012 quae
344 1925 427 1990 fiunt
452 1925 485 1988 in
514 1924 660 2008 ecclesia,
690 1923 777 1990 dolet
805 1935 836 1990 et
857 1925 1010 2005 tristatur,
1036 1945 1119 2010 quae
1141 1932 1174 1988 et
1197 1945 1258 1988 nos
1279 1923 1352 2010 pati·

77 2030 314 2092 restauramur,
347 2009 516 2097 quoniam,
547 2011 584 2074 ‘si
610 2010 731 2097 patitur
758 2030 858 2073 unum
887 2007 1085 2088 membrum,
1119 2009 1352 2094 compatiuntur

235 2093 341 2158 ornnia
369 2091 532 2175 membra,
559 2103 591 2159 et
619 2094 646 2158 si
695 2092 829 2158 loriatur
854 2116 954 2157 unum
986 2090 1185 2175 membrum,
1221 2113 1352 2178 congau-

234 2176 310 2243 dent
337 2178 444 2243 omnia
471 2177 633 2242 membra'.
712 2200 729 2241 r
751 2199 770 2242 0
792 2199 864 2242 cum
887 2179 928 2241 sit
948 2176 1033 2240 facta
1056 2176 1174 2242 divisio
1204 2179 1239 2242 in
1262 2177 1353 2242 eccle·

235 2263 293 2344 sia,
324 2260 385 2326 illis
419 2261 612 2327 exeuntibus
644 2283 664 2324 a
691 2201 795 2343 nohis,
831 2283 895 2326 non
922 2261 1013 2326 nobis
1041 2260 1083 2328 ab
1116 2261 1180 2325 illis
1191 2274 1215 2344 ¹,
1247 2262 1353 2326 inscri-

235 2345 343 2411 bimur
368 2354 475 2409 tamen
501 2354 533 2409 et
558 2344 818 2431 blasphemamur
847 2346 1021 2410 scismatici
1050 2367 1131 2427 esse,
1160 2347 1219 2432 qui
1249 2366 1352 2410 sumus

237 2429 270 2494 in
303 2436 380 2508 toto,
413 2449 477 2493 non
508 2430 541 2493 in
574 2428 754 2530 aliquorum
787 2441 889 2516 parte,
922 2438 954 2494 et
985 2430 1216 2515 praedicantur
1248 2430 1294 2494 illi
1320 2450 1352 2493 ae

238 2511 468 2579 beneficiantur
496 2512 644 2578 catholici
672 2537 753 2596 esse,
781 2536 916 2601 quorum
948 2536 1032 2577 unus
1061 2513 1218 2579 audacior
1243 2515 1353 2580 ceteris

237 2594 335 2662 audet
363 2597 459 2660 otiam
488 2599 615 2684 scriptis
641 2609 766 2684 partem
795 2599 844 2663 sui
874 2598 1024 2682 Gregorii
1049 2597 1224 2664 defendere
1252 2609 1285 2665 et
1312 2598 1354 2663 sie

237 2681 320 2745 inter
353 2688 457 2745 cetera
489 2681 663 2769 respondet
688 2683 729 2749 ad
757 2683 845 2748 dicta
875 2682 1048 2748 Clementis
1076 2704 1197 2768 papae:
1233 2683 1353 2748 Asserit

238 2766 345 2847 ctione,
374 2765 487 2851 inquit,
510 2768 704 2853 praedictus
736 2769 956 2832 calumniator
988 2789 1028 2831 en
1061 2771 1236 2832 occasione
1261 2789 1353 2852 proe-

77 2867 228 2921 uocarat.
238 2849 415 2914 dicationis
444 2852 687 2934 catholicorum,
719 2859 796 2917 ‘non
824 2855 909 2917 eninr
938 2874 1114 2936 possumne
1147 2851 1282 2936 aliquid
1303 2851 1353 2916 ed·

238 2955 349 2998 vereris
371 2936 547 3019 veritatem,
571 2936 628 3001 sed
648 2958 714 3022 pro
736 2937 880 3001 veritate'
902 2959 975 3000 cans
996 2935 1143 3019 apostolo
1169 2935 1352 3015 dicentium,

238 3025 305 3082 torn
336 3019 371 3083 in
404 3019 521 3086 ,Italico
551 3044 651 3106 quani
678 3024 716 3087 in
744 3022 940 3087 Theatonico
969 3041 1071 3106 reqno
1092 3019 1175 3103 fieri
1202 3022 1352 3105 rapinas,

238 3103 404 3186 incendio,
438 3106 673 3170 destructiones
710 3103 930 3184 ecclesiaram,
965 3105 1102 3186 pensitas
1139 3113 1169 3167 et
1205 3105 1352 3188 suspirio

239 3188 464 3269 orphanorum
485 3199 514 3255 et
535 3190 723 3254 riduaram.
757 3190 846 3253 Huic
868 3188 1024 3274 quiddam
1049 3185 1154 3251 simile
1172 3189 1352 3253 conclamo·

92 3270 317 3339 ustauhans
338 3281 367 3335 et
389 3272 512 3338 Iudaei
532 3275 569 3337 in
592 3272 818 3358 Redemptoria
840 3274 946 3338 nostri
969 3274 1146 3336 occisione:
1169 3271 1353 3338 ‘Commooit

233 3353 406 3442 propitiant,
439 3357 557 3421 doeens
585 3377 650 3441 per
681 3360 868 3422 uniuersam
899 3356 1060 3421 eroeorn
1089 3365 1118 3420 et
1144 3357 1352 3441 incipienso

240 3437 395 3507 Galilaea
417 3462 518 3526 aaqrm
541 3440 623 3504 ltac'.

327 3524 376 3590 13.
415 3523 524 3588 Nostis
546 3543 623 3587 vero
645 3523 700 3608 qui
723 3523 924 3609 euangelium
945 3523 1078 3610 legistis,
1102 3544 1188 3608 quae
1210 3522 1351 3588 dominus

239 3604 331 3672 Iesus
352 3606 430 3672 lecit
450 3616 483 3673 et
496 3606 651 3689 docuerit,
674 3609 835 3693 quomodo
857 3610 1009 3674 sanitates
1028 3629 1200 3694 corporum
1222 3618 1258 3673 et
1272 3628 1352 3672 cura·

240 3690 344 3756 tiones
366 3693 546 3755 animarum
568 3701 719 3777 operatus
740 3693 797 3774 sit3
822 3693 959 3778 ideoque
981 3694 1105 3758 scribae
1128 3701 1161 3757 et
1183 3691 1352 3772 Pharisaei,

241 3771 282 3837 de
313 3772 395 3838 falsa
418 3775 540 3840 iustitia
564 3786 815 3860 praesumentes,
837 3776 1005 3841 benefieiis
1036 3779 1105 3842 eius
1134 3787 1166 3842 et
1188 3778 1353 3844 virtutibus

240 3856 441 3940 inridebant,
474 3869 508 3923 et
533 3881 617 3947 quae
645 3882 765 3947 negare
796 3862 1008 3949 nequiverant
1043 3862 1174 3925 sinistra
1205 3863 1352 3948 interpre-

240 3941 361 4006 tatione
387 3952 568 4029 pervertere
600 3943 801 4026 laborabant,
827 3958 859 4011 et
886 3957 1019 4046 propter
1047 3945 1149 4009 multa
1175 3947 1246 4013 eius
1275 3947 1353 4012 bona

240 4045 340 4112 opera
369 4047 472 4113 usque
503 4027 545 4092 ad
574 4040 710 4094 mortem
736 4039 899 4114 persecuti
925 4041 1001 4095 suut
1021 4052 1105 4110 eum,
1134 4029 1353 4109 acclamantes,

240 4130 315 4175 euni
342 4113 555 4177 comatorisse
608 4112 756 4214 epulum,
786 4115 937 4200 quoniam
965 4112 1105 4201 populus
1133 4115 1168 4177 in
1197 4114 1250 4179 his
1278 4133 1353 4201 quae

238 4191 378 4281 gloriose
406 4193 528 4262 fiebant
552 4219 572 4262 a
596 4196 774 4263 mirabatur
800 4207 833 4264 et
852 4197 1054 4283 glorificabat
1074 4197 1194 4263 Deum.
1249 4198 1354 4263 Phari·

241 4322 268 4379 li
293 4321 335 4375 Gt.
354 4321 483 4392 Cypriani
507 4322 589 4375 illud:
615 4322 677 4376 Xon
697 4324 766 4378 enisi
786 4342 833 4376 nos
853 4326 887 4376 ab
906 4324 969 4389 illis,
987 4325 1036 4378 sed
1053 4323 1094 4378 illi
1113 4342 1130 4376 a
1149 4325 1227 4378 nobis
1247 4341 1352 4379 must·

238 4400 311 4460 Μ’,
329 4396 421 4466 Opera
437 4414 465 4466 p.
485 4397 550 4450 820.
