2812 4830
238 390 288 440 DE
307 389 464 441 UNITATE
485 389 688 442 accuratae
709 389 983 443 CONSERVANDA.
1127 389 1179 440 133

62 557 224 622 Dominus
253 556 436 621 adhaesisse
464 559 521 620 uni
543 556 583 622 de
604 557 804 642 principibus
826 557 922 622 huius
945 555 1072 639 saeculi,
1094 567 1181 644 post-

63 663 160 727 quam
197 641 367 728 dissipavit
401 642 581 727 portionem
616 652 767 727 paternae
805 641 1017 722 substantiae,
1052 641 1181 706 tradens

40 762 43 767 ·
62 724 208 790 naturale
230 726 395 811 ingenium
424 724 516 788 luxui
537 736 632 810 atque
655 726 808 806 desidiae,
837 749 911 790 cum
936 726 979 791 ad
1008 727 1181 810 imaginem

63 811 128 876 Dei
156 811 261 875 factus
289 811 330 875 sit
357 809 464 893 hom0,
486 811 520 873 in
541 808 704 874 intellectu
732 809 864 893 scilicet,
887 813 921 875 in
942 820 1057 891 mente,
1080 813 1116 874 in
1135 811 1182 872 in-

62 895 178 961 teriore
210 893 349 974 homine,
378 894 412 957 in
449 915 487 958 eo
520 892 606 980 quod
638 894 787 979 intelligit
817 896 995 976 veritatem,
1028 893 1183 958 diiudicat

62 979 218 1044 iustitiam
241 987 273 1042 et
293 979 492 1060 iniustitiam,
513 980 605 1042 novit
624 999 644 1040 a
688 1001 730 1043 uo
751 979 854 1042 factus
877 990 933 1061 est,
960 987 1067 1064 potest
1092 977 1183 1042 intel·

63 1063 164 1148 ligere
181 1063 367 1128 Creatorem
390 1083 493 1143 suum,
515 1060 646 1127 laudare
662 1001 847 1127 directorem
863 1085 965 1143 suum,
989 1084 1085 1150 quam
1100 1061 1183 1126 scili·

63 1157 114 1214 cet
135 1145 238 1212 intelli
261 1148 380 1212 entiam
402 1145 502 1211 habet
524 1147 580 1233 qui
602 1147 806 1233 prudentiam
820 1146 933 1229 habet3
955 1146 1076 1233 alioqui
1090 1156 1185 1232 pater

63 1231 224 1296 mendacii
238 1169 386 1296 diabolus
407 1229 511 1295 aufert
532 1252 552 1293 a
571 1229 724 1296 cordibus
745 1231 910 1297 hominum
926 1231 990 1295 Dei
1004 1232 1183 1313 veritatem,

64 1317 170 1380 aufert
191 1316 255 1380 Dei
281 1316 454 1400 imaginem
482 1323 514 1379 et
542 1316 698 1401 imprimit
727 1316 908 1401 apostasiae
936 1337 1012 1380 suae
1042 1324 1073 1380 et
1094 1337 1183 1379 men-

64 1400 146 1464 datii
171 1400 355 1484 imaginem.
400 1397 483 1463 Cum
506 1399 592 1462 enim
618 1420 638 1461 a
660 1403 774 1466 ceteris
796 1400 1013 1465 animantibus
1042 1423 1101 1486 per
1121 1397 1183 1463 hoc

63 1485 206 1551 maxime
235 1484 428 1563 differamus,
458 1482 546 1568 quod
571 1483 726 1548 rationale
754 1484 874 1550 animal
900 1506 1009 1548 sumus
1038 1493 1068 1549 et
1096 1482 1186 1571 loqui

63 1591 248 1654 possumus,
277 1570 359 1632 ratio
388 1576 496 1631 autem
526 1569 629 1631 omnis
658 1579 692 1632 et
720 1591 825 1634 sermo
853 1569 971 1634 divinis
997 1567 1088 1633 libris
1112 1589 1184 1631 con-

63 1655 194 1733 tinetur,
216 1676 274 1739 per
295 1674 376 1739 quos
398 1662 430 1717 et
450 1651 558 1715 Deum
580 1652 735 1717 discimus
765 1663 797 1718 et
827 1675 925 1738 quare
955 1654 1053 1717 creati
1075 1673 1185 1716 sumus

64 1760 130 1802 non
162 1738 359 1820 ignoramus,
391 1735 574 1800 mirandum
608 1746 656 1800 est
684 1735 788 1816 valde,
817 1736 905 1823 quod
933 1737 1047 1801 nolunt
1075 1736 1185 1823 aliqui,

65 1823 240 1908 praecipue
270 1831 377 1885 autem
405 1819 565 1901 monachi,
588 1842 670 1905 quae
691 1820 857 1906 praeclara
878 1832 954 1885 sunt
975 1820 1109 1902 discere,
1131 1821 1186 1905 qui

65 1930 105 1971 ne
126 1927 245 1992 pueros
268 1904 398 2004 quidem
415 1902 468 1968 vel
482 1903 700 1970 adolescentes
722 1908 913 1991 permittunt
932 1907 966 1968 in
984 1905 1186 1969 monasteriis

23 1986 31 2006 ’
65 1990 185 2056 habere
207 1989 349 2054 studium
371 1987 518 2052 salutaris
540 1990 703 2071 scientiae,
726 1998 761 2052 ut
782 1989 904 2055 scilieet
917 1988 997 2053 rude
1019 1989 1186 2073 ingenium

64 2077 228 2139 nutriatur
257 2073 380 2159 siliquis
413 2072 654 2138 daemoniorum
665 2085 686 2153 ¹,
720 2095 802 2159 quae
835 2083 908 2138 sunt
941 2071 1186 2137 consuetudines

65 2158 278 2223 humanarum
312 2156 534 2239 traditionum3
565 2167 600 2221 ut
631 2158 788 2222 eiusmodi
821 2159 983 2243 spurcitiis
1014 2157 1185 2222 assuefacti

65 2264 131 2307 non
160 2251 297 2329 possunt
323 2251 463 2326 gustare,
493 2265 592 2327 qnam
614 2245 729 2305 suavis
750 2252 796 2305 est
817 2242 992 2322 Dominae,
1043 2243 1077 2304 ui
1104 2241 1184 2305 dicit
1194 2264 1232 2304 rs.
1243 2265 1278 2318 aa,
1287 2265 1308 2308 a

64 2328 99 2391 in
131 2326 301 2412 euangelio
334 2326 373 2390 de
405 2323 538 2389 talibus:
569 2327 631 2390 Vae
657 2326 756 2408 vobis,
787 2328 912 2391 scriba
941 2337 970 2390 et
997 2265 1348 2406 Pisarisaei,MrttlssassL

65 2413 267 2498 hypocritae,
295 2413 353 2496 qai
376 2409 497 2475 tulistis
525 2409 646 2475 clavem
667 2413 842 2476 scientiae!
868 2433 924 2476 cos
950 2413 1044 2490 enirn,
1072 2394 1250 2496 inquit&
1264 2395 1346 2447 ΠΜ·

66 2519 133 2560 non
147 2497 283 2559 intratis
304 2518 362 2559 nee
378 2496 490 2559 sinitis
510 2497 710 2559 introeuntes
731 2496 865 2560 intrare.
901 2495 1005 2580 Igitur
1025 2495 1184 2579 ignoratio

68 2579 252 2643 divinarum
283 2578 520 2664 scripturarum
553 2579 712 2663 ignoratio
744 2588 793 2644 est
822 2579 951 2663 Christi,
985 2580 1040 2665 qui
1069 2578 1187 2644 dicitur

66 2666 171 2729 virtus
193 2663 257 2727 Dei
279 2673 311 2727 et
331 2663 490 2747 sapientia
511 2662 584 2726 Dei.
629 2663 724 2727 Unde
746 2674 778 2729 et
798 2686 856 2748 per
878 2664 1030 2729 Hesaiam
1052 2663 1187 2749 prophe-

68 2758 134 2812 tam
161 2747 240 2811 dicit
267 2747 443 2811 Dominus:
476 2748 525 2810 Eo
556 2749 643 2833 qaod
673 2752 926 2835 appropinquat
945 2747 1094 2833 populas
1127 2752 1187 2813 iste
1196 2775 1349 2831 maaian.

71 2856 123 2897 ore
150 2855 208 2897 sao
238 2841 267 2895 et
295 2832 392 2896 labiis
421 2832 492 2894 sais
520 2830 683 2916 glorificat
709 2855 768 2912 nte,
793 2855 850 2897 cor
872 2843 978 2897 autern
1000 2835 1070 2897 eiaa
1092 2833 1187 2919 longe
1329 2846 1341 2862 ⁸

71 2926 114 2980 eat
146 2940 168 2980 a
196 2940 254 2995 me,
282 2927 311 2978 et
331 2919 510 2980 timuerant
530 2915 686 2979 mandato
710 2917 876 2980 hominnm
897 2938 945 2978 me
968 2926 996 2980 et
1017 2917 1186 2998 doctrinis,

70 3003 142 3065 ideo
165 3024 223 3086 eqo
246 3024 312 3064 ecce
336 3000 469 3078 addam,
492 3007 527 3061 at
543 3001 794 3064 admirationem
806 2997 941 3083 faciam
958 3001 1087 3086 popolo
1110 3002 1187 3065 haic

69 3085 230 3150 miracala
245 3084 371 3170 prandi
392 3094 421 3147 et
436 3083 612 3166 stupendo,
629 3084 753 3167 peribit
767 3085 861 3163 enirn,
883 3083 997 3169 inquit,
1020 3087 1188 3168 sapientia

71 3193 91 3232 a
118 3169 324 3253 sapientibus
353 3170 423 3231 eins
453 3177 482 3229 et
508 3167 687 3231 intellectas
712 3168 926 3251 prudentiam
955 3170 1025 3230 eius
1053 3168 1185 3233 abscon-

71 3255 175 3318 detur.
218 3252 305 3317 Ecce
328 3254 413 3315 enim
436 3249 523 3336 quod
545 3272 603 3335 pro
626 3253 780 3315 exercitio
803 3260 834 3315 et
853 3251 1012 3315 industria
1033 3250 1187 3317 naturalis

69 3336 189 3422 ingenii
210 3335 298 3421 apud
319 3356 462 3420 paganos
485 3333 560 3398 olim
581 3336 734 3400 iniustum
757 3345 789 3399 et
808 3343 903 3422 turpe
924 3335 1102 3417 videbatur,
1125 3336 1186 3400 hoc

70 3442 155 3485 nuno
184 3422 271 3506 apud
305 3419 479 3484 monachos
512 3443 569 3505 pro
597 3420 718 3483 iustitia
745 3432 777 3485 et
805 3423 971 3484 sanctitate
1001 3431 1127 3486 tenetur
1155 3429 1190 3485 ct

71 3503 196 3586 colitur,
219 3506 301 3568 sicut
316 3515 389 3568 sunt
402 3504 580 3602 descriptae
602 3503 690 3590 apud
706 3527 760 3568 eos
776 3503 1021 3570 consuetudines
1043 3513 1075 3568 et
1092 3502 1186 3568 laxae

70 3598 184 3654 vestes.
221 3588 312 3653 Unde
335 3598 367 3652 et
382 3587 618 3668 Quintilianus²
639 3590 674 3651 in
696 3589 800 3673 primo
822 3588 904 3652 libro
927 3589 966 3653 de
988 3590 1186 3653 institutione

70 3675 202 3738 artium:
242 3672 456 3752 Consuetudo,
487 3673 601 3757 inquit,
628 3675 657 3736 si
685 3696 724 3738 erc
753 3697 788 3738 eo
814 3675 901 3757 qaod
916 3673 1033 3757 planes
1046 3672 1187 3758 faciant

71 3781 187 3823 nomen
221 3759 375 3842 accipiat,
400 3757 717 3841 periculosissimam
749 3759 840 3822 dabit
865 3767 1086 3843 praeceptam,
1120 3780 1186 3821 non

73 3843 217 3908 orationi
237 3842 341 3921 mode,
369 3842 433 3922 aed,
457 3841 543 3924 qaod
569 3844 677 3905 maias
700 3852 754 3923 eat,
776 3844 871 3906 vitae.
920 3843 959 3906 Ut
982 3865 1057 3928 erpo
1079 3851 1186 3906 trans-

73 3988 99 4052 1)
125 3988 166 4040 cf.
185 3989 269 4038 verba
295 3988 419 4038 carminis
442 3985 712 4036 laureshamensium
733 3988 854 4038 monach,
875 3987 937 4049 (SS.
957 3987 1031 4048 XXI,
1056 4004 1082 4054 p.
1102 3984 1186 4053 430):

308 4057 399 4110 Factis
419 4056 559 4122 silicara,
577 4059 707 4110 silvestria
725 4061 807 4112 corda
824 4065 948 4127 parentes.

74 4133 113 4185 cf.
135 4135 216 4186 etiam
235 4133 428 4196 Helmsdiirfer,
447 4133 583 4184 ‘Wilhelm
603 4150 629 4182 v.
648 4133 791 4184 Hirschau’
816 4150 842 4200 p.
863 4132 908 4196 85,
932 4149 959 4184 n.
980 4134 1005 4195 3,
1032 4135 1078 4199 qui
1099 4139 1185 4201 putat,

73 4207 140 4259 talia
168 4208 252 4260 verba
276 4207 440 4275 temporibus
469 4223 556 4257 rerum
584 4222 719 4257 sacrarum
749 4208 948 4258 restaurationis
980 4208 1088 4258 adiecta
1118 4224 1185 4270 esse,

75 4283 172 4348 quippe
201 4282 297 4347 quibus
327 4282 431 4332 dicatur
454 4281 594 4332 scientiam
614 4281 767 4347 scripturae
794 4282 892 4332 Sacrae
921 4282 1028 4331 unicam
1052 4283 1124 4333 viam
1150 4281 1185 4331 ad

74 4354 185 4406 sulutem
205 4371 274 4406 esse.
349 4354 378 4422 2)
398 4353 508 4416 Quintil.
523 4355 547 4405 1.
567 4354 592 4417 6,
612 4354 655 4406 44.
676 4354 721 4405 45.
