2812 4830
234 367 271 418 30
417 367 468 417 DE
487 365 645 418 UNITATE
664 367 870 419 EOOLESIAE
890 367 1168 419 consensuum.

235 535 340 601 Omne
355 534 440 599 enim
454 534 577 598 bonum
592 544 647 599 aut
661 535 752 600 Deus
773 545 829 601 aut
843 557 884 599 ex
900 534 971 600 Deo
986 542 1049 617 est3
1070 544 1214 620 potestas
1237 544 1356 618 autem,

236 619 385 705 quoniam
409 640 450 682 ex
466 618 539 683 Deo
561 629 619 700 est,
640 619 752 706 utique
773 617 858 683 bona
880 629 937 700 est,
961 619 1046 683 unde
1068 629 1100 684 et
1122 623 1180 704 qui
1197 625 1356 704 potestati

85 726 224 778 nonita.
235 705 367 784 resistit,
389 703 455 768 Dei
469 703 674 768 ordinationi
687 706 815 785 resistit,
839 705 922 768 sicut
936 701 1102 789 apostolus
1117 705 1171 768 ait.
1205 703 1282 768 Non
1304 706 1355 769 hic

237 796 322 852 certe
343 786 450 872 agitur
472 785 512 850 de
527 785 653 868 talibus,
676 787 847 873 dequibus
865 809 924 872 per
937 787 1126 873 prophetam
1148 787 1229 853 dicit
1242 789 1354 853 Domi·

88 893 307 945 assensimus:
330 872 402 957 Ipsi
422 882 652 956 repnaverunt,
675 881 703 934 et
724 895 790 936 non
812 894 852 934 err
870 894 935 952 nte,·
958 873 1084 936 iudices
1100 874 1305 954 eastitevunt,
1328 884 1354 938 et

234 979 300 1020 non
316 956 462 1040 copnovi.
495 955 572 1020 Non
591 957 737 1042 capnovi,
759 956 793 1018 in
816 956 871 1037 uit,
895 956 987 1041 quasi
1002 956 1138 1021 diceret:
1161 955 1352 1041 reprobavi,

233 1040 297 1103 Dei
318 1040 403 1103 enim
425 1040 548 1103 nescire
569 1038 630 1104 hoc
648 1047 697 1104 est
716 1060 811 1125 repro
835 1061 900 1104 are.
929 1039 1146 1104 Veruntamen
1159 1062 1226 1105 non
1240 1064 1276 1105 re
1323 1065 1352 1106 a·

233 1133 349 1189 verunt
376 1145 417 1188 ex
446 1123 528 1204 Deo,
561 1124 616 1209 qui
642 1145 778 1206 regnum
810 1124 1014 1208 arripuerunt
1043 1125 1214 1209 superstite
1247 1147 1268 1189 a
1293 1126 1352 1190 hnc

232 1230 308 1294 rege
337 1229 405 1286 suo,
435 1207 491 1294 qui
518 1229 577 1292 pro
604 1207 750 1292 patribus
778 1209 844 1271 suis
875 1208 1027 1272 successit
1055 1209 1088 1270 in
1117 1230 1254 1292 regnum
1284 1211 1351 1274 iure

231 1290 435 1372 hereditario,
468 1291 554 1376 quod
581 1291 650 1355 fieri
676 1313 741 1356 non
793 1301 878 1357 osset
903 1293 966 1356 nisi
994 1291 1117 1356 aDeo.
1161 1293 1237 1356 Duo
1267 1297 1351 1358 enim

231 1389 356 1462 reges1,
385 1396 469 1438 unus
496 1384 570 1460 post
596 1397 707 1458 unum,
732 1313 896 1441 substituti
918 1384 991 1440 sunt
1012 1376 1128 1441 nostris
1150 1377 1351 1463 temporibus

232 1482 252 1523 a
273 1469 364 1545 parte
410 1457 568 1544 sincipum
590 1470 621 1523 et
666 1469 767 1524 artem
788 1461 880 1545 regni
901 1469 1081 1542 tenuerunt,
1105 1470 1137 1524 et
1151 1483 1217 1525 non
1231 1470 1349 1546 totum;

234 1542 320 1628 quod
349 1481 471 1607 scilicet
500 1541 619 1607 ‘totum’
643 1482 744 1610 babet
769 1543 920 1629 magnum
972 1545 1077 1609 ietatis
1106 1546 1299 1629 mysterium
1319 1549 1351 1610 in

102 1633 153 1674 aar.
165 1632 186 1684 ⁵,
195 1633 223 1674 ⁸⁸
233 1628 354 1692 unitate
382 1625 534 1692 fidelium.
579 1626 643 1692 Sed
672 1627 829 1713 quiahoc
855 1566 1024 1692 consilium
1052 1638 1083 1693 et
1109 1627 1170 1693 hoc
1201 1652 1284 1714 opus
1311 1653 1350 1695 ex

135 1692 199 1732 ’⁸⁹'
231 1711 414 1776 hominibus
435 1721 512 1793 erat,
535 1709 726 1776 dissolutum
748 1720 807 1793 est,
829 1712 914 1799 qnod
937 1735 979 1777 ex
994 1712 1065 1777 Deo
1087 1735 1150 1777 non
1173 1723 1253 1796 erat,
1275 1737 1350 1801 qno·

231 1797 318 1859 niam
344 1804 418 1882 post
448 1796 547 1861 breve
574 1798 729 1882 temporis
758 1798 896 1882 spatium
930 1799 1032 1882 ipsam
1067 1819 1130 1883 quo
1155 1820 1196 1862 ne
1224 1810 1349 1884 partem

230 1881 323 1965 regni
355 1881 483 1966 utrique
515 1881 699 1958 amiserunt,
733 1891 764 1946 et
793 1903 875 1944 unus
903 1881 935 1943 in
965 1879 1096 1966 proelio,
1126 1821 1206 1946 dlter
1233 1884 1267 1946 in
1298 1907 1349 1948 ex-

231 1964 428 2050 pugnatione
456 1965 551 2028 unius
580 1963 700 2029 castelli
727 1963 950 2030 miserabiliter
975 1966 1148 2050 perierunt,
1177 1969 1349 2053 superstite

231 2071 269 2114 eo
302 2050 353 2113 cni
379 2057 520 2136 potestas
550 2046 625 2114 data
650 2058 700 2112 est
728 2072 748 2113 a
776 2049 858 2131 Deo,
910 2071 982 2112 uam
1012 2049 1132 2114 scilicet
1158 2060 1350 2135 potestatem

231 2156 291 2198 nec
316 2135 479 2220 principes
507 2155 567 2197 neo
594 2132 732 2218 populus
753 2133 853 2219 partis
875 2071 960 2197 illius
982 2132 1154 2198 dissolvere
1176 2144 1351 2219 potuerunt

231 2217 295 2282 ullo
328 2217 435 2298 modo,
468 2216 728 2303 quandoquidem
765 2219 829 2302 ipsi
861 2239 989 2303 quoque
1024 2219 1094 2302 regi
1127 2220 1253 2304 possint
1285 2221 1348 2283 iam

231 2303 371 2367 donante
392 2302 465 2364 Deo
493 2300 551 2363 filii
578 2301 750 2364 succedere
778 2303 811 2364 in
836 2324 982 2386 regnum,
1011 2302 1182 2387 sicutipse
1203 2305 1349 2387 patribus

232 2387 297 2450 suis
324 2385 478 2449 successit
506 2386 540 2448 in
566 2407 711 2469 regnum.
755 2386 875 2471 ‘Ergo²
906 2387 1010 2449 omnis
1039 2395 1191 2471 potestas,
1221 2410 1305 2472 quae
1331 2412 1350 2454 a

232 2471 303 2534 Deo
325 2479 381 2550 est,
404 2469 516 2553 utique
538 2467 624 2532 bona
639 2479 696 2550 est,
719 2491 815 2567 quam
837 2469 950 2534 tribuit
963 2470 1054 2534 Deus
1077 2470 1170 2534 bonis
1193 2479 1224 2534 et
1246 2473 1350 2556 malis,

232 2564 268 2617 ut
288 2553 350 2637 ipsi
396 2551 488 2634 lacet,
516 2554 568 2616 oui
591 2552 669 2616 nihil
691 2554 808 2619 iniuste
830 2552 975 2639 plaeere
1020 2553 1114 2618 Certe
1134 2554 1350 2622 Nabuchodo-

231 2658 328 2700 nosor
360 2575 477 2701 dicitur
509 2637 542 2700 in
574 2635 656 2702 libro
678 2637 824 2702 Danielis
853 2637 1028 2724 prophetae
1060 2660 1119 2702 rex
1147 2639 1285 2705 iniustus
1320 2650 1351 2706 et

231 2719 314 2785 ultra
344 2742 469 2784 omnem
496 2729 615 2786 terram
643 2723 771 2807 impius,
801 2731 832 2786 et
860 2731 968 2785 tamen
997 2723 1049 2786 hic
1076 2722 1147 2786 talis
1177 2722 1350 2791 Nabucho-

232 2804 380 2887 donosor,
403 2805 443 2869 de
465 2807 557 2870 cuins
579 2807 675 2871 etiam
697 2807 826 2871 interitu
846 2805 947 2870 multa
960 2805 1118 2870 horrenda
1132 2806 1351 2874 vaticinantur

231 2910 290 3036 ppr
303 2889 479 2976 prophetas
494 2890 636 2973 Domini,
651 2890 713 2973 hic,
729 2891 860 2976 inquam
868 2901 890 2972 ³,
913 2890 1031 2955 dicitur
1046 2913 1065 2954 a
1079 2890 1220 2955 Domino
1237 2914 1350 2959 servus

266 2975 305 3054 ei,
326 2995 390 3038 non
411 2975 494 3039 sicut
514 2975 690 3061 prophetae
712 2984 744 3040 et
765 2997 875 3039 omnes
897 2976 1008 3055 sancti,
1032 2974 1087 3060 qui
1108 2997 1184 3039 vere
1207 2979 1351 3042 serviunt

231 3057 382 3142 Domino,
404 3059 460 3124 sed
483 3059 570 3146 quod
590 3061 623 3123 in
646 3059 810 3125 eversione
831 3058 1032 3124 Hierusalem
1049 3059 1182 3123 Domini
1204 3063 1351 3127 servierit

231 3142 402 3225 voluntati,
440 3143 480 3208 de
514 3166 577 3243 quo
616 3145 662 3207 sic
698 3142 816 3228 legitur
847 3144 881 3207 in
914 3143 1079 3208 Hieremia.
1113 3143 1273 3228 propheta
1309 3168 1349 3211 ex

70 3250 377 3306 1er.sv‚s-s.sermone
405 3228 557 3292 Domini:
586 3229 669 3313 Epo,
697 3228 810 3313 inquit,
840 3229 917 3293 dedi
939 3251 1046 3293 omnes
1073 3238 1180 3291 terras
1207 3231 1348 3294 istosin

231 3337 333 3377 uranu
355 3312 659 3376 Nabuchodonosor
680 3315 769 3396 repis
790 3312 986 3399 Babylonis,
1009 3315 1094 3376 servi
1116 3314 1188 3394 rnei,
1211 3314 1349 3400 insuper

231 3407 260 3460 et
282 3397 401 3462 bestias
424 3399 503 3480 apri
525 3395 598 3459 dedi
619 3397 659 3475 ei,
683 3403 718 3457 ut
738 3398 883 3459 serviant
904 3395 965 3477 illi,
986 3407 1015 3460 et
1036 3398 1175 3461 servient
1195 3401 1227 3462 ei
1242 3419 1348 3461 omnes

231 3491 340 3566 pentes
363 3489 392 3544 et
405 3480 479 3562 filio
502 3481 571 3542 eius
593 3487 622 3540 et
636 3478 712 3560 filio
726 3478 798 3560 fita·
811 3483 899 3563 eius;
921 3503 1001 3566 pens
1024 3489 1130 3545 autern
1152 3490 1181 3544 et
1199 3503 1348 3566 repnurn,

232 3566 318 3650 quod
340 3585 406 3627 non
428 3564 577 3627 servierit
597 3562 900 3629 Nabuchodonosor
921 3566 993 3650 rapi
1008 3564 1201 3650 Babylonis,
1225 3575 1253 3628 et
1277 3567 1348 3651 qui·

232 3670 358 3733 cunque
386 3669 452 3709 non
475 3649 661 3711 curvaverit
689 3646 804 3712 collum
831 3671 927 3713 suunt
948 3649 1006 3712 sub
1030 3650 1108 3733 iupa
1130 3651 1218 3733 repis
1239 3649 1348 3735 Baby·

231 3730 327 3811 lonis,
349 3731 385 3793 in
407 3729 521 3813 plodio
544 3740 573 3794 et
583 3730 680 3815 farne
702 3742 731 3795 et
754 3734 810 3796 siti
832 3743 860 3796 et
877 3743 968 3817 peste
990 3733 1125 3796 visitabo
1149 3754 1249 3816 svper
1270 3757 1346 3819 pen·

231 3823 292 3877 tevi
313 3813 415 3893 illam,
439 3815 487 3877 ait
501 3813 675 3896 Dominus,
698 3815 798 3880 donea
821 3839 1007 3882 consumant
1029 3838 1081 3880 eos
1096 3818 1133 3879 in
1149 3839 1252 3880 uranu
1267 3819 1347 3881 eius.

232 3897 327 3978 Quod
356 3897 383 3960 si
411 3905 498 3961 tanto
520 3897 611 3963 Deus
638 3897 758 3963 zelatus
787 3909 834 3964 est
862 3899 930 3965 nelo
957 3900 1081 3983 regiam
1102 3907 1295 3984 potestatem
1316 3901 1349 3964 in

231 4003 308 4066 rege
330 3980 447 4045 iniusto
470 3991 501 4046 et
523 3981 607 4047 ultra
629 4005 755 4048 omnem
777 3993 894 4048 terram
916 3984 1066 4070 pessima,
1098 3982 1177 4069 quid
1205 3985 1347 4048 facturus

230 4076 279 4131 est
322 4087 358 4129 ro
381 4088 457 4150 rege
479 4066 651 4132 christiano
674 4077 706 4132 et
727 4067 910 4132 catholico?
941 4069 958 4132 I
983 4069 1009 4131 si
1032 4068 1127 4132 etiam
1149 4069 1219 4151 regi
1241 4069 1348 4133 Nabu-

231 4087 431 4217 chodonosor
450 4151 613 4216 iuraverat
635 4151 809 4218 Sedschias
830 4175 889 4217 rex
910 4089 1002 4234 Iuda,
1024 4151 1115 4216 cuius
1138 4151 1260 4217 scilicet
1279 4176 1349 4238 per·

231 4314 255 4364 a)
273 4315 349 4363 lnquit
367 4316 387 4356 l.

233 4427 259 4491 1)
280 4427 320 4477 Cf.
341 4443 364 4479 c.
384 4428 410 4480 3.
486 4429 515 4493 2)
535 4427 576 4480 cf.
596 4443 620 4483 c.
643 4429 685 4480 12.
760 4426 789 4494 3)
808 4429 951 4495 Augustini
970 4430 1131 4496 opeerlI,
1157 4447 1184 4495 p.
1206 4429 1267 4482 1³8.
