2812 4830
132 412 137 422 .
213 377 249 426 90
403 376 453 426 ΒΕ
472 375 631 427 ΠΝΙΤΔΤΕ
651 374 856 427 accusem:
876 374 1154 429 CONSERVANDA.

212 565 272 609 nec
296 544 336 608 de
358 544 427 608 eius
448 542 569 607 iudicio
591 542 728 607 iudicari
749 553 991 628 praeceperunt,
1017 565 1124 628 neque
1145 543 1329 608 sententiam

211 627 296 692 illius
320 638 467 713 oportere
490 625 621 691 dissolvi
648 628 890 709 constituerunt,
920 627 1014 691 cuius
1041 627 1152 712 potius
1174 627 1330 713 sequenda

212 713 342 778 decreta
373 711 574 776 mandarunt.
619 710 715 790 Quod
745 712 772 774 si
803 714 849 776 ita
880 720 936 791 est,
970 711 1070 774 immo
1100 711 1178 797 quia
1205 712 1252 776 its
1280 721 1329 794 est,

213 795 394 861 debuerunt
414 794 527 881 procul
549 794 649 859 dubio
671 794 873 860 adversariae
895 796 996 880 partis
1018 795 1164 882 episcopi
1187 803 1245 859 aut
1266 816 1330 859 con-

214 881 331 944 sentire
359 901 432 943 cum
462 878 538 944 sede
567 879 744 964 apostolica
770 901 828 964 pro
858 900 938 964 pace
967 890 1000 944 et
1026 881 1149 945 unitate
1183 878 1329 944 ecclesiae

212 973 268 1027 aut
299 964 413 1028 merito
446 963 652 1027 condemnari
680 973 791 1048 utpote
817 972 1070 1048 transgressores
1101 963 1218 1028 iudicii
1252 965 1328 1029 sedis

212 1048 420 1134 spostolicae.
453 1048 492 1111 In
512 1047 573 1111 hoc
594 1050 679 1112 enim
701 1051 829 1132 utrique
852 1057 1083 1114 consenserunt
1104 1048 1328 1133 etWigbertus

213 1142 245 1196 et
259 1156 317 1196 rex
331 1131 515 1196 Henrichus
536 1140 634 1217 atque
655 1133 753 1196 totius
768 1130 923 1196 eeclesiae
942 1153 1103 1214 assensus,
1125 1141 1171 1210 ut,
1188 1133 1262 1218 quis
1286 1134 1327 1196 uis

87 1199 341 1311 “qffllresistat
355 1218 430 1302 paci
446 1215 499 1280 vel
513 1214 669 1280 ecclcsiae
689 1215 742 1280 vel
755 1216 801 1280 rei
816 1215 976 1300 publicas,
999 1215 1041 1280 sit
1061 1217 1102 1279 iis
1124 1216 1221 1282 ‘sicut
1236 1154 1326 1282 etbui-

65 1323 270 1380 nemausus
294 1312 325 1367 et
339 1300 565 1386 publicanus’.·
582 1301 691 1379 Beati,
713 1301 827 1385 inquit,
844 1302 992 1385 pacifici,
1037 1302 1173 1364 nonium
1184 1301 1257 1383 filii
1271 1302 1327 1364 Dei

210 1387 426 1451 vocabuntur.
471 1382 534 1449 Sed
568 1383 731 1448 discordes
764 1385 918 1470 episcopi,
952 1323 1062 1470 quados
1096 1384 1249 1448 dicuntur
1278 1383 1326 1447 filii

210 1469 341 1551 diaboli,
370 1470 426 1568 qui
457 1467 536 1532 alios
568 1466 695 1548 docent,
727 1489 826 1553 quare
857 1477 959 1533 semet
990 1469 1077 1553 ipsos
1109 1489 1177 1532 non
1208 1468 1324 1547 docent,

211 1554 354 1619 dicentes
375 1561 468 1617 iuxta
488 1552 711 1616 auctoritatem
732 1561 861 1636 patrum
883 1552 1000 1617 debere
1022 1573 1081 1615 nos
1104 1555 1219 1618 timere
1241 1551 1326 1637 ligeri

211 1637 264 1703 vel
295 1638 412 1701 iniuste
445 1645 476 1700 et
508 1636 795 1700 excommunicetis
826 1658 891 1699 non
924 1636 1191 1700 communicare?
1239 1635 1325 1700 Unde

212 1724 296 1786 sieut
312 1721 477 1787 Gelasius¹
500 1741 586 1805 papa
608 1719 735 1783 scribit:
758 1733 874 1785 Prorsus
892 1734 922 1785 in
940 1735 1083 1801 quamlibet
1101 1751 1129 1786 se
1143 1741 1253 1799 partem
1271 1751 1324 1786 cau·

211 1812 390 1877 actionemque
409 1817 570 1873 conuertunt,
590 1809 750 1874 manifeste¹
775 1807 895 1859 ueritatis
919 1808 960 1859 ita
979 1807 1080 1874 laqueis
1105 1809 1279 1874 suffocantur,
1302 1815 1325 1858 ut

212 1885 268 1937 suis
280 1886 334 1951 ipsi
346 1883 432 1937 uerbis
446 1882 553 1950 possint
566 1876 784 1947 acsimisusqueb
801 1881 932 1945 concludi,
951 1898 998 1933 nec
1017 1881 1070 1931 nisi
1089 1883 1175 1932 solam
1189 1883 1325 1948 perniciem

212 1967 358 2019 obstinatae
380 1967 511 2032 perfidiae
536 1965 673 2017 residuam
698 1963 837 2016 ventilare.
874 1947 962 2012 Ecce
992 1949 1076 2013 enim
1108 1971 1247 2034 quorum
1268 1947 1324 2013 vul·

211 2045 288 2120 gata
308 2034 519 2119 transgressio
541 2043 598 2111 est,
620 2052 801 2117 perunum
825 2030 1016 2096 scribentem
1039 2044 1228 2118 proponunt
1242 2033 1324 2098 nobis

120 2192 121 2196 η
211 2128 395 2183 sanctorum
417 2128 545 2203 patrum
567 2117 760 2197 testimonis,
788 2136 870 2200 quse
892 2125 967 2180 sunt
988 2118 1074 2180 circs
1095 2138 1151 2181 eos
1182 2118 1239 2204 qui
1265 2118 1324 2180 iun-

211 2213 292 2288 gunt
313 2226 347 2266 se
370 2201 655 2277 excommunicatis
678 2199 903 2264 communione
926 2201 1043 2287 aliqua.

299 2285 395 2360 Quod
415 2295 530 2364 autem,
551 2285 667 2371 inquit,
689 2287 976 2350 eucommunicatis
998 2308 1065 2350 non
1088 2287 1132 2349 sit
1154 2286 1322 2350 communi·

213 2372 367 2451 candum,
388 2369 567 2433 audiamus
590 2378 739 2432 sonetum
760 2365 950 2434 Callistum²
967 2392 1118 2454 papam:
1145 2384 1324 2437 &communt-

212 2468 284 2512 catos
305 2477 322 2509 a
340 2458 520 2510 sacerdotibus
539 2458 630 2508 nullus
649 2459 760 2523 recipiat
780 2464 840 2508 ante
853 2458 991 2525 utriusque
1005 2457 1094 2526 partis
1109 2459 1324 2510 examinationem

211 2534 318 2594 iustam,
344 2549 392 2583 nec
411 2533 448 2583 eis
473 2533 502 2582 in
527 2532 646 2582 oratione
672 2541 719 2582 aut
745 2531 800 2582 cibo
825 2533 868 2582 uel
885 2540 955 2598 potu
980 2541 1028 2583 aut
1046 2534 1134 2583 osculo
1155 2533 1324 2594 communicet,

211 2629 260 2663 nec
285 2624 333 2662 use
352 2611 390 2662 eis
414 2611 494 2664 dicat.
540 2598 693 2661 Urbanus
715 2609 856 2682 papa³:
884 2615 968 2666 Valde
993 2613 1112 2666 timenda
1137 2622 1176 2666 est
1204 2612 1324 2665 sententia

213 2684 356 2751 episcopie,
376 2685 435 2736 licet
452 2685 548 2740 iniuste
568 2688 682 2753 aliquem
700 2689 767 2754 liqet,
792 2690 863 2752 qued
887 2696 975 2739 tamen
993 2704 1157 2752 summepere
1172 2688 1325 2752 praesidere

215 2768 298 2819 debet.
340 2751 545 2838 Greqorius⁴
568 2758 604 2820 in
633 2756 793 2820 homiliis:
832 2771 924 2820 Utrum
949 2770 1018 2821 iuste
1042 2787 1079 2820 on
1110 2769 1210 2820 iniuste
1239 2769 1325 2836 obliqet

207 2847 312 2908 pastor,
328 2843 447 2906 pastoris
467 2850 555 2897 tamen
574 2844 703 2896 sententia
721 2844 795 2912 qreqi
814 2842 931 2894 timenda
950 2850 996 2908 est,
1019 2860 1052 2894 ne
1071 2843 1094 2893 is
1125 2841 1173 2910 qui
1191 2843 1286 2907 subest,
1305 2845 1325 2892 et

212 2913 386 2967 cuminiuste
397 2917 519 2982 forsitan
538 2917 645 2985 liqatur,
664 2920 750 2983 iqrsam
770 2915 937 2983 obliqationis
955 2933 1022 2968 suae
1041 2917 1200 2968 senteutiam
1225 2933 1258 2967 eu·
1276 2912 1326 2965 alia

212 2989 293 3054 σπῖρα
311 2998 452 3041 mereatur.
490 2991 588 3043 Pastor
613 3009 672 3058 erqo
692 2992 735 3042 uel
753 2991 886 3041 absoluere
905 2990 1046 3041 indiscrete
1065 2991 1156 3040 timeat
1178 2990 1222 3039 vel
1240 2989 1326 3056 liqore.

211 3061 241 3112 Is
256 3070 351 3126 autem,
370 3065 418 3130 qui
437 3065 485 3115 sub
498 3082 580 3115 marcu
588 3065 708 3130 pastoris
721 3072 766 3127 est,
785 3062 867 3130 liqari
885 3063 974 3115 timeat
993 3064 1036 3114 vel
1046 3061 1144 3113 iniuste
1156 3077 1205 3112 nec
1216 3059 1326 3127 pastoris

210 3133 340 3187 iudicium
353 3144 447 3189 temere
459 3138 645 3205 reprehendat,
664 3155 708 3201 ne,
725 3137 773 3188 etsi
785 3132 902 3188 iniuste(¹
916 3136 1014 3203 liqatus
1027 3143 1073 3198 est,
1094 3152 1127 3186 erc
1139 3136 1201 3200 ipsa
1214 3133 1327 3186 tumidae

210 3218 420 3284 reprehensionis
439 3218 565 3285 superbia
585 3220 671 3286 culpa
691 3235 760 3284 quoe
778 3236 833 3269 non
852 3225 917 3279 erat,
930 3219 991 3284 flat.
1023 3204 1113 3266 Idem
1129 3201 1326 3288 Greqoriu8⁵

205 3287 419 3372 presbyteris,
442 3288 604 3366 diaconis,
628 3286 790 3351 nobilibus
815 3295 844 3350 et
865 3284 991 3371 populo
1013 3286 1174 3351 Iaderae:
1209 3299 1328 3353 Pervenit

212 3377 249 3427 ad
267 3393 316 3439 mc,
336 3377 465 3442 quosdam
489 3384 635 3426 uestrorum
658 3376 815 3444 iqnorantia
838 3375 881 3426 uel
903 3375 1057 3429 necessitate
1075 3377 1197 3441 deceptos
1217 3375 1267 3439 bis,
1286 3371 1328 3440 qui

210 3450 244 3500 ab
265 3450 411 3515 apostolica
430 3449 499 3512 sede,
514 3449 595 3513 cuque
612 3449 680 3500 sieut
698 3449 780 3501 nostis
800 3449 925 3516 exiqente,
945 3450 1124 3500 communione
1137 3449 1244 3515 priuati
1262 3455 1327 3508 sunt,

211 3522 425 3585 communicasse,
444 3521 573 3587 quosdam
591 3539 652 3572 uero
672 3529 717 3574 see
736 3519 838 3572 salubri
857 3519 1022 3586 discretione,
1039 3531 1192 3589 proteqente
1206 3522 1326 3582 Domino,

211 3595 396 3661 suspendium·
415 3601 439 3645 et
457 3600 586 3659 quantum
604 3595 637 3646 de
657 3592 835 3646 constantibus
852 3593 968 3660 qaudeo,
992 3604 1096 3647 tantum
1114 3597 1147 3647 dc
1163 3595 1328 3647 deviantibus

211 3667 361 3735 inqemiseo,
388 3668 515 3733 queniam
539 3683 632 3720 sacrae
658 3666 847 3719 communionis
871 3669 1007 3733 mysteria,
1033 3686 1101 3734 quae
1122 3670 1159 3720 ed
1178 3668 1329 3720 solutionem

211 3741 286 3791 nobis
312 3739 407 3793 diuina
426 3739 528 3806 pietate
553 3758 675 3793 concessa
694 3749 764 3804 sunt,
784 3741 813 3791 in
836 3740 1019 3792 detrimentum
1039 3740 1144 3794 animae
1164 3759 1231 3793 suae
1249 3741 1329 3808 maqis

211 3823 373 3879 receperunt.
402 3814 438 3864 Et
450 3815 523 3881 quio,
543 3814 610 3865 sicut
629 3813 701 3866 uobis
721 3813 882 3879 omnipotens
902 3813 977 3865 Deus
995 3814 1151 3877 innoteseat,
1170 3816 1331 3868 uehementer

212 3886 320 3937 ceritati
338 3895 441 3938 uestrae
461 3894 485 3939 et
503 3887 653 3939 medullitus
672 3905 705 3938 ee
724 3895 776 3938 tote
795 3885 942 3952 compatior
957 3897 1070 3954 paterno
1090 3891 1195 3955 affectu,
1223 3890 1331 3941 obtestor

213 4064 237 4117 a)
253 4068 393 4108 manifestae
410 4069 454 4111 det.
522 4069 546 4119 b)
564 4071 698 4120 sensusque
715 4071 759 4112 Get.
829 4069 849 4122 c)
866 4072 897 4110 ita
917 4072 985 4121 Urb.,·
1001 4071 1085 4112 christi
1103 4073 1123 4112 1.
1193 4069 1218 4121 d)
1235 4073 1294 4111 iuste
1310 4070 1330 4108 1.

213 4126 554 4179 autumniautumni.

218 4277 244 4343 1)
264 4279 342 4330 Thiel
362 4297 389 4346 p.
409 4281 473 4331 423.
536 4282 566 4346 2)
586 4281 733 4332 Hinschius
751 4297 778 4345 p.
798 4279 860 4330 138.
917 4278 947 4339 3)
967 4278 1037 4329 Ibid.
1057 4296 1083 4344 p.
1099 4278 1161 4332 145.
1220 4279 1250 4347 4)
1270 4279 1332 4330 Gre-

215 4354 285 4418 gorii
304 4355 394 4420 Opera
411 4354 433 4422 1,
454 4373 479 4422 p.
502 4354 582 4406 1556.
657 4352 687 4420 ὃ)
706 4353 830 4418 Gregorii
847 4353 989 4420 Epistulae
1007 4352 1055 4414 VI,
1074 4352 1121 4402 46.
