2812 4830
242 374 291 423 DE
314 371 471 443 UNITATE
491 371 695 424 EOCLESIAE
716 373 992 426 CONSERVANDA.
1141 377 1174 426 21

58 562 142 622 mus,
164 549 200 604 ut
220 540 340 626 pariter
361 559 640 624 recognoscamus,
664 538 767 625 qualis
796 551 828 605 et
849 562 945 639 quam
967 541 1053 605 utilis
1080 542 1176 607 fuerit

59 624 212 689 ecclesiae
234 623 401 705 Arcadius,
426 624 481 709 qui
503 643 588 686 nunc
616 644 675 706 pro
705 623 864 688 condend1
891 627 1046 690 scismatis
1068 626 1174 693 studio

58 708 220 773 inducitur
230 707 329 773 fuisse
341 708 634 772 excommunicatus
647 707 713 770 sive
724 706 902 790 damnatus,
917 709 1175 796 quandoquidem

59 793 153 857 certis
181 791 384 856 manifestum
414 792 455 854 sit
481 789 619 870 indiciis,
646 789 774 854 beatum
801 814 919 877 papam
940 794 1175 868 Innocentium,

59 878 115 962 qui
138 877 254 940 dicitur
285 898 359 940 eum
389 876 694 954 excommunicasse,
716 873 947 941 ecclesiasticas
970 878 1064 942 iuxta·
1082 878 1175 942 disci·

57 960 179 1046 plinam
201 959 403 1023 sacerdotum
424 980 518 1022 nosse
539 957 659 1043 pariter
681 967 712 1021 et
734 956 920 1024 observasse
941 961 1076 1047 regulas,
1099 983 1175 1049 qua-

57 1067 131 1108 rum
153 1065 218 1107 una
239 1042 290 1107 vel
312 1043 486 1129 praecipua
507 1053 555 1107 est
576 1041 616 1106 de
632 1042 801 1106 concordia
821 1066 935 1128 regum
956 1056 1051 1132 atque
1073 1067 1175 1111 sacer-

58 1129 187 1210 dotum;
210 1126 285 1212 quia
300 1159 386 1193 omnes
404 1159 455 1205 ra,
477 1126 581 1212 inquit
596 1134 723 1190 sanctus
738 1125 805 1191 Leo
820 1139 936 1213 papa¹‚
959 1152 1030 1194 sutae
1049 1161 1103 1196 esse
1121 1161 1175 1196 aon

54 1225 177 1283 possunt,
197 1216 250 1267 nisi
267 1231 335 1282 quae
355 1215 391 1266 ad
409 1215 529 1267 diuinam
544 1216 731 1282 consessionem
745 1219 880 1281 pertineat
904 1226 929 1268 et
953 1217 1028 1284 repis
1046 1225 1070 1268 et
1088 1234 1174 1269 sacer·

58 1297 157 1350 uocatis
185 1299 304 1364 caenae
334 1299 485 1352 auctoritas.
533 1285 610 1369 Ipse
643 1284 727 1346 enirn
759 1284 969 1348 Innocentius
1001 1283 1111 1348 scribit
1142 1285 1175 1347 in

57 1367 110 1430 23.
133 1365 271 1450 capitulo
301 1365 501 1430 decretorum
530 1389 660 1432 suorum
688 1366 728 1431 de
754 1368 971 1454 reipublicae
998 1368 1093 1431 etiam
1122 1367 1176 1433 sd-

59 1449 343 1514 ministratoribus:
367 1463 522 1526 Quaesitum
535 1476 581 1531 est,
600 1450 757 1536 inquienS,
778 1467 922 1532 superbis,
942 1467 989 1533 qui
1002 1474 1064 1531 post
1078 1465 1175 1531 baptis·

58 1556 130 1589 mum
149 1539 402 1590 administraverunt
420 1547 444 1590 et
463 1546 510 1590 aut
531 1548 659 1594 tormenta
675 1541 731 1592 sola
749 1547 922 1592 exercuerunt
941 1548 987 1591 aut
1007 1538 1084 1591 etiam
1103 1537 1175 1604 capi·

58 1622 137 1670 talem
149 1620 303 1671 sententiam
315 1621 494 1686 protulerunt.
519 1621 561 1674 De
577 1622 626 1687 bis,
645 1609 759 1694 lnquit,
780 1622 850 1674 attii
867 1622 974 1689 lepimus
995 1639 1012 1672 a
1030 1621 1174 1672 maioribus

58 1693 209 1760 definitum5
231 1695 403 1746 meminerant
422 1692 498 1758 enim,
524 1713 542 1744 a
560 1695 617 1748 Deo
638 1704 780 1762 potestates
806 1697 855 1747 ltus
872 1696 962 1762 fuisse
988 1712 1131 1756 concessas,
1151 1702 1175 1745 et

54 1772 164 1832 propter
182 1765 327 1818 vindictam
344 1765 485 1820 noxiorum
501 1770 622 1834 gladium
632 1772 722 1836 fuisse
739 1769 903 1836 permissum,
924 1777 948 1820 et
960 1767 1013 1819 Dei
1027 1766 1174 1818 ministrum

57 1857 112 1890 esse
141 1840 234 1890 datum
261 1839 290 1890 in
318 1838 469 1892 huiusmodi
496 1840 634 1895 uindicem.
683 1842 817 1905 Quomodo
845 1840 926 1908 igitur
957 1841 1175 1907 reprehenderent

49 1915 167 1979 factum,
191 1913 262 1977 quod
289 1922 395 1964 auctore
420 1912 477 1964 Deo
503 1915 620 1966 viderent
646 1932 700 1967 esse
723 1913 893 1967 concessum?
929 1912 1030 1964 Deliis
1049 1911 1174 1978 erpelle,

56 1995 86 2035 ut
106 1986 231 2036 hactenus
250 1993 383 2037 seruatum
402 1994 447 2049 est,
467 1986 504 2037 sic
520 1987 653 2051 babemus,
672 2005 705 2039 ne
725 1996 771 2038 aut
790 1985 958 2052 disciplinam
977 1989 1108 2037 maceres
1128 1992 1175 2034 aut

55 2067 149 2110 contra
175 2057 355 2111 auctoritatem
380 2058 490 2109 Domini
514 2059 603 2111 uenire
623 2062 769 2112 uideamur.
801 2059 872 2125 Ipsis
893 2067 979 2110 autem
997 2057 1027 2109 in
1046 2056 1175 2108 rationem

58 2141 222 2191 reddendam
241 2149 315 2208 pesta
333 2158 384 2191 sua
402 2141 491 2192 omnia
509 2143 693 2194 servabuntur.
725 2127 840 2192 Nolale
861 2137 968 2191 autem
991 2125 1174 2210 diligentius

55 2208 135 2271 haec
159 2207 244 2271 beati
265 2208 444 2273 Innocentii
465 2209 574 2288 verba,
620 2232 680 2275 uae
702 2210 752 2274 vel
775 2209 843 2274 sola
857 2209 1007 2274 videntur
1029 2208 1174 2273 sufficere

56 2299 168 2355 contra
189 2290 273 2354 illius
295 2313 399 2376 papae
422 2232 636 2358 Hildebrandi
659 2295 788 2381 scripta,
811 2316 893 2380 quae
915 2295 985 2379 ipse
1007 2315 1071 2357 non
1085 2314 1174 2377 prae·

56 2374 189 2439 videbat
214 2396 309 2460 posse
338 2376 458 2440 destrui
487 2399 545 2462 per
565 2379 637 2464 ipsa
661 2390 844 2443 sanctorum
866 2389 992 2463 patrum
1015 2375 1173 2461 exempla,

56 2460 174 2545 quibus
203 2459 414 2524 contendebat
442 2459 569 2526 firmare
598 2464 737 2548 partium
767 2485 896 2527 suarum
926 2461 1040 2526 studia.
1083 2461 1172 2524 Dum

57 2545 141 2607 enirn
170 2543 287 2624 docuit,
316 2545 384 2630 regi
410 2545 609 2610 Francorum
638 2546 921 2612 contradicendum
950 2554 982 2609 et
1002 2567 1066 2609 non
1088 2565 1173 2608 com-

56 2628 287 2691 municandum
309 2649 389 2710 esse,
419 2631 472 2692 cui
500 2639 640 2714 potestas
670 2653 690 2694 a
711 2631 784 2695 Deo
807 2651 960 2695 concessa
981 2638 1030 2693 est
1051 2628 1173 2693 heredi-

56 2713 137 2775 taria
152 2713 363 2793 successione,
385 2712 511 2778 videtur
524 2714 588 2780 Dei
603 2714 794 2780 ordinationi
814 2715 977 2793 restitisse,
1002 2713 1056 2799 qui
1077 2713 1172 2776 etiam

55 2796 164 2881 ipsum
178 2795 242 2858 Dei
257 2797 447 2877 ministrum,
470 2798 523 2861 cui
536 2797 662 2882 gladius
678 2809 726 2864 est
746 2799 922 2884 permissus
941 2799 982 2861 ad
996 2796 1172 2861 vindictam

55 2881 236 2961 noxiorum,
264 2880 340 2944 dum
369 2880 491 2945 studuit
518 2882 625 2966 gladio
657 2883 912 2947 adversariorum
942 2881 1076 2962 deicere,
1107 2901 1172 2943 non

56 2961 160 3027 solum
189 2962 366 3048 duplicavit
392 2962 545 3049 gladium,
574 2967 666 3030 iuxta
695 2964 782 3052 quod
810 2966 844 3028 in
872 2964 1018 3030 Eaeciele
1045 2965 1171 3049 legitur,
1181 2961 1266 3061 ξξθξξ

55 3046 107 3110 vel
122 3049 163 3112 tri
187 3047 305 3129 licerit,
328 3048 384 3112 sed
399 3057 430 3112 et
444 3048 677 3137 multiplicavit,
700 3060 731 3114 et
745 3071 810 3112 non
825 3048 927 3113 solum
943 3049 1051 3113 divisit
1068 3069 1169 3146 popu·
1212 3049 1217 3072 '
1258 3049 1263 3060 '

54 3131 122 3195 lum
152 3069 369 3212 cbristlsnum,
399 3131 456 3196 sed
484 3142 515 3197 et
543 3134 729 3215 sacerdotia,
759 3144 796 3198 ut
822 3131 913 3196 multi
943 3133 1006 3196 sint
1027 3132 1172 3218 episcopi

55 3217 88 3277 in
110 3226 200 3300 parte
222 3218 292 3295 ista,
314 3215 443 3301 plurimi
464 3224 570 3284 autem
591 3219 625 3282 in
645 3228 736 3304 parte
751 3217 858 3282 altera.
891 3216 985 3280 Unde
1008 3225 1039 3280 et
1061 3236 1172 3301 supra-

56 3299 160 3364 dictus
175 3322 260 3384 papa
273 3301 496 3366 Innocentius:
519 3313 550 3368 St
565 3315 693 3382 intucta,
713 3301 846 3388 inquit³,
866 3313 1170 3381 arausicanafraaes,

50 3392 136 3456 plena
147 3390 253 3454 fuerint
272 3388 412 3457 uigilantia
431 3391 463 3440 ab
479 3391 596 3442 omnibus
615 3389 668 3441 Dei
686 3390 865 3443 sacerdotibus
887 3390 1033 3450 obseruata,
1060 3387 1170 3439 cessabit

55 3461 172 3527 ambitio,
198 3461 357 3529 conquiescet
374 3464 509 3527 dissensio,
534 3464 634 3514 hereses
654 3473 677 3514 et
695 3465 819 3516 scismata
842 3481 897 3514 non
921 3469 1057 3528 emergent,
1085 3462 1169 3511 locum

55 3555 110 3587 non
129 3536 239 3602 accipiet
257 3534 378 3588 diabolus
397 3536 541 3600 saeviendi,
567 3535 681 3588 manebit
699 3538 871 3600 unanimitas,
890 3533 1017 3599 iniquitas
1042 3541 1169 3598 superata

54 3610 210 3672 calcabitur,
231 3609 328 3661 ueritas
346 3608 461 3675 spiritali
471 3610 581 3676 feruore
592 3609 729 3676 flagrabit,
751 3627 809 3677 pau
823 3608 983 3675 praedicata
1008 3606 1085 3657 labiis
1111 3622 1169 3655 cum

54 3684 190 3734 voluntate
210 3682 292 3732 animi
310 3681 485 3746 concordabit,
505 3682 654 3748 implebitur
672 3689 696 3734 et
714 3681 813 3734 dictum
832 3681 956 3747 apostoli:
980 3680 1011 3729 Ut
1030 3678 1169 3729 unanimes
1178 3691 1244 3731 Rom.
1255 3692 1288 3742 ts,
1297 3691 1319 3733 b.

55 3773 140 3806 unum
165 3757 302 3807 sentientes
320 3773 524 3820 permaneamus
548 3755 578 3806 in
597 3755 705 3819 Christo,
728 3755 797 3807 nibil
814 3773 865 3821 per
884 3753 1071 3805 contentionem
1093 3751 1328 3812 nobisPhi1.s‚s-s.

56 3846 141 3895 neque
160 3846 211 3894 per
234 3827 339 3880 inanem
364 3830 475 3896 pieriam
492 3830 664 3892 vindicantes,
683 3847 737 3880 non
759 3828 913 3889 dominibus,
938 3825 984 3876 sed
1003 3823 1060 3876 Deo
1079 3832 1167 3875 nostro
1179 3827 1330 3878 1.'1¹tm.1‚1't.

56 3901 187 3954 saluatori
201 3903 344 3967 placentes,
362 3902 406 3952 cui
424 3903 506 3954 bonor
525 3909 562 3954 est
580 3911 604 3954 et
617 3902 705 3968 picria
722 3902 751 3953 in
764 3903 871 3953 saecula
883 3899 1055 3951 saeculorum.
1075 3895 1167 3947 Amen.

58 4067 82 4119 a)
100 4071 204 4108 avertere
220 4068 307 4108 litinsct.

60 4200 86 4265 1)
117 4200 217 4251 Leonis
243 4199 358 4265 epistula
383 4198 418 4249 ad
437 4197 614 4261 Pulcheriam‚
640 4197 785 4248 Hinschius
811 4213 837 4262 p.
860 4195 920 4245 603.
996 4192 1025 4260 2)
1050 4194 1168 4243 Decreta

58 4275 213 4324 Innocentii
242 4289 329 4340 pupae
363 4272 397 4321 ad
429 4272 604 4338 Exsupcrium
633 4271 794 4322 Tolosanum
823 4270 991 4334 episcopum,
1023 4266 1167 4318 Hinschius

58 4365 85 4413 p.
106 4347 168 4396 532.
243 4348 270 4410 3)
290 4344 414 4412 Epistula
432 4345 582 4395 Innocentii
601 4360 687 4410 papae
707 4345 741 4394 ad
760 4343 923 4394 Victoricum
943 4342 1167 4405 Rotomagensem

60 4421 154 4487 episc,
173 4420 319 4471 Hinschius
338 4437 365 4486 p.
384 4418 447 4468 531.
