2812 4830
258 382 309 432 DE
329 381 488 433 UNITATE
508 381 712 435 mechumae
734 382 1008 435 CONSERVANDA.
1157 385 1193 434 69

70 550 183 634 regiae
214 547 353 634 regulae,
387 548 486 614 immo
518 561 754 636 usurpaverunt
786 551 849 616 sibi
885 550 991 616 officia
1026 553 1193 638 potestatis

71 634 251 719 utriusque,
273 635 426 719 quoniam
447 634 535 719 apud
549 633 620 698 illos
643 633 738 719 plane
757 644 805 699 est
825 657 961 720 regnum
984 649 1039 701 aut
1052 637 1110 701 ubi
1130 638 1195 722 ipsi

70 716 194 800 volunt,
215 718 431 802 perversiores
454 719 529 782 inde
552 719 657 784 effecti
679 740 756 803 prae
778 721 879 783 nimia
899 720 1038 786 ambitus
1060 742 1193 806 usurpa·

70 802 169 883 tione,
197 811 234 866 ut
258 801 300 864 ad
326 813 476 866 neutrum
503 801 618 866 horum
648 804 716 867 sive
745 802 787 867 ad
817 804 1032 868 sacerdotium
1061 806 1130 869 sive
1152 804 1194 869 ad

70 907 210 971 regnum
223 886 362 1033 dpossint
389 886 498 951 idonei
527 889 677 970 existere,
708 908 780 950 cum
801 909 902 952 unum
924 910 966 952 ex
988 888 1038 952 his
1059 910 1119 973 pro
1143 890 1194 952 sui

71 970 221 1054 magnitu
245 970 298 1034 ine
320 969 489 1054 diligenter
505 972 577 1056 quis
598 993 663 1035 non
678 973 781 1057 possit
801 970 944 1057 implere.
974 972 1195 1038 Veruntamen

71 1053 267 1118 christianus
294 1076 360 1118 non
389 1064 446 1136 est,
474 1055 649 1120 catholicus
678 1077 742 1118 non
771 1064 827 1136 est,
857 1057 1003 1142 quisquis
1025 1057 1193 1141 euangelio

71 1136 274 1220 contradicit,
297 1139 443 1224 quisquis
459 1138 638 1204 doctrinam
659 1138 866 1224 apostolicam
882 1141 1013 1226 spernit.
1041 1142 1192 1223 Reddite,
1202 1127 1285 1227 ἓξὲξ

70 1223 188 1307 inquit,
209 1243 294 1306 qaae
317 1232 395 1286 eant
417 1226 564 1288 caesaris
594 1225 733 1304 caesari,
756 1232 784 1287 et
807 1247 889 1308 qaae
918 1235 995 1288 sant
1016 1226 1083 1289 Dei
1110 1215 1358 1305 Deca’rniaa

71 1306 176 1371 Nemo
197 1305 346 1370 militana
361 1307 431 1371 Deo
453 1309 601 1393 implicat
622 1330 655 1371 se
670 1309 809 1393 rsepotiis
825 1309 1058 1374 saecularibus.
1085 1310 1356 1387 Deamrranapi.

71 1393 188 1472 timete,
217 1413 325 1476 repeat
348 1391 569 1474 honorificate,
592 1400 639 1456 et:
668 1391 823 1474 Subiecti,
844 1393 958 1478 inquit,
980 1402 1075 1458 estote
1104 1397 1193 1459 orani
1220 1393 1311 1492 ¹·130ffi

72 1484 248 1540 creatorae
273 1485 412 1558 propter
431 1476 549 1557 Deam,
578 1479 645 1540 sive
671 1479 744 1562 repi
766 1480 863 1561 paasi
878 1476 1104 1560 praecellenti,
1127 1453 1245 1542 siae²’1
1266 1453 1316 1494 '¹⁴'

72 1558 212 1623 dacibus
233 1569 393 1644 tanquam
416 1560 455 1623 ab
479 1582 514 1624 eo
536 1561 643 1624 missis
667 1561 711 1624 ad
733 1560 914 1625 vindictam
935 1561 1193 1645 malefactorem,

73 1643 118 1706 ad
146 1643 280 1706 laudern
307 1665 383 1707 cero
416 1645 581 1708 bonoram,
631 1644 735 1707 Iitur
768 1664 840 1707 cum
872 1654 1007 1729 utraque
1044 1643 1194 1730 dignitas,

71 1724 191 1811 regalis
225 1725 346 1792 scilicet
374 1735 471 1812 atque
498 1666 700 1813 pontificalis,
734 1727 781 1790 sic
811 1726 958 1792 ordinata
990 1730 1032 1792 sit
1063 1750 1083 1792 a
1111 1728 1193 1811 Deo,

54 1834 57 1839 ¹
92 1812 225 1874 uatinus
254 1810 407 1896 spiritalis
435 1811 519 1875 actio
546 1833 566 1874 a
586 1808 815 1895 temporalibus
843 1810 939 1876 distet
959 1813 1141 1876 incursibus
1163 1822 1195 1878 et

71 1834 145 1959 beo
172 1893 313 1960 militans
343 1896 474 1959 minime
504 1919 538 1960 se
567 1895 705 1979 negotiis
734 1893 876 1980 implicet
904 1895 1129 1980 saecularibus,
1162 1905 1194 1960 et

72 2001 149 2043 cum
171 2000 237 2042 non
251 1980 376 2064 possint
390 2000 500 2044 omnes
521 2001 573 2042 res
594 1987 682 2043 tutae
703 2000 782 2061 esse,
804 1979 867 2043 nisi
889 2001 972 2064 quae
993 1979 1034 2042 ad
1049 1980 1193 2044 divinam

72 2062 307 2128 confessionem
321 2064 483 2149 pertinent
503 2073 536 2129 et
549 2063 640 2148 regia
660 2071 691 2127 et
706 2061 913 2126 sacerdotalis
928 2063 1069 2127 defendit
1083 2073 1192 2127 aucto-

70 2149 161 2229 ritas,
183 2148 349 2228 attendite‚
379 2146 522 2229 obsecro,
552 2156 584 2211 et
611 2145 728 2226 videte,
759 2145 920 2232 quomodo
944 2145 1138 2211 Hildebrant
1160 2156 1194 2212 et

72 2232 222 2318 episcopi
237 2234 306 2296 eius
325 2233 408 2296 inter
422 2231 500 2297 alias
515 2230 773 2313 innumerabiles,
795 2252 877 2317 quae
892 2229 968 2295 inde
984 2240 1191 2312 emerserunt,

70 2315 202 2381 hereses
231 2316 436 2403 quaesierint,
462 2317 646 2381 resistentes
667 2315 748 2379 miro
770 2315 866 2379 modo
894 2316 960 2380 Dei
991 2315 1191 2396 ordinationi,

69 2400 152 2464 baec
179 2400 244 2465 duo
272 2399 471 2486 principalia,
500 2399 619 2486 quibus
645 2400 768 2483 regitur
793 2398 944 2482 mundus,
972 2400 1132 2484 extirpare
1161 2411 1193 2463 et

71 2485 114 2549 ad
140 2483 278 2548 nihilum
300 2485 431 2567 ducere3
461 2486 638 2571 cupientes,
667 2484 763 2547 etiam
788 2484 868 2548 alios
891 2506 1000 2548 omnes
1023 2485 1193 2569 episcopos

70 2567 152 2633 tales
182 2591 263 2649 esse,
290 2569 373 2632 sicut
401 2577 475 2632 sunt
499 2571 572 2655 ipsi,
603 2568 755 2653 quivere
782 2589 848 2631 non
877 2577 951 2632 sunt
976 2570 1130 2652 episcopi,
1160 2577 1192 2631 et

70 2674 165 2738 reges
198 2652 356 2716 eiusmodi
386 2652 514 2735 habere,
549 2652 664 2737 quibus
696 2653 760 2737 ipsi
786 2653 876 2736 regia
907 2651 1034 2716 licentia
1092 2653 1193 2716 ossint

69 2737 242 2821 imperare.
284 2736 371 2800 Ecce
401 2738 486 2800 enim
515 2736 734 2800 Herimannus
765 2758 834 2817 rex,
866 2758 1032 2801 successor
1062 2675 1190 2800 ludolfi

69 2821 158 2906 regis
179 2820 334 2905 ipsorum,
355 2817 428 2884 talis
450 2830 535 2885 certe
555 2819 617 2884 fuit
639 2830 673 2884 et
692 2818 764 2883 talis
787 2820 902 2901 extitit,
930 2831 966 2885 ut
994 2820 1033 2885 de
1056 2843 1093 2885 eo
1116 2842 1191 2885 vere

70 2904 251 2969 secundum
282 2904 408 2969 literam
439 2906 522 2970 inter
545 2904 643 2967 retari
669 2904 846 2988 possimus,
880 2904 966 2990 quod
994 2905 1027 2967 in
1054 2902 1189 2969 Daniele
1199 2922 1260 2963 Dan.
1270 2923 1353 2974 11,2o.

69 2987 218 3074 legimus,
241 2989 333 3073 quia:
356 2988 463 3054 Stabit
476 2926 596 3053 inloco
612 2989 681 3052 cias
704 2988 920 3071 despectaret
943 3011 1008 3051 non
1030 2989 1191 3052 tribuetur

70 3075 102 3138 ei
122 3074 229 3137 bonor
247 3075 371 3158 rapias.

159 3159 207 3222 16.
250 3155 334 3220 Nam
355 3166 391 3221 ut
411 3156 712 3240 praetermittemus,
739 3163 817 3239 quot
838 3153 942 3218 modis
964 3151 1005 3216 ab
1028 3154 1189 3239 episcopis

68 3239 122 3305 vel
136 3263 158 3304 a
171 3239 374 3326 principibus
390 3238 551 3304 Saxoniae
567 3241 765 3324 contemptui
780 3247 830 3302 est
849 3236 986 3319 habitus,
1009 3239 1064 3323 qui
1080 3259 1190 3303 omnes

68 3325 104 3389 in
125 3325 225 3389 variis
247 3323 467 3388 voluntatibus
489 3323 640 3388 volebant
669 3344 797 3408 semper
824 3343 969 3406 regnare,
991 3323 1082 3386 iuxta
1104 3321 1190 3407 quod

68 3431 129 3494 per
143 3407 336 3494 prophetam
351 3409 430 3473 dicit
444 3408 614 3489 Dominus,
637 3407 795 3471 eiusmodi
809 3406 971 3492 principes
987 3404 1082 3470 simul
1096 3427 1189 3490 reges

68 3514 149 3558 esse.
180 3493 255 3577 Ipsi
269 3495 365 3575 enim,
386 3493 499 3576 inquit,
521 3500 744 3578 repnaoerant
758 3503 787 3554 et
802 3514 868 3556 non
884 3512 923 3554 ea
938 3513 996 3571 nie,
1012 3493 1188 3573 principes
1199 3515 1317 3570 osseas.

68 3579 256 3654 extiterant,
279 3586 308 3640 et
329 3600 396 3641 non
424 3579 581 3662 copnooi5
604 3584 640 3638 ut
659 3574 748 3653 haec,
778 3576 920 3661 inquam,
941 3583 1189 3660 praetereamus,

68 3682 146 3726 eece
167 3682 227 3724 nos
249 3659 423 3748 aliquando
446 3659 582 3723 eundem
603 3658 834 3723 Herimannum
857 3658 997 3722 vidimus
1019 3659 1053 3721 in
1075 3659 1189 3722 castris

68 3745 238 3811 Saxonum
259 3767 325 3809 non
346 3745 432 3829 regis
454 3743 521 3808 sive
542 3743 698 3828 principis
719 3741 791 3808 loco
812 3741 958 3823 militare,
982 3763 1078 3827 quem
1092 3743 1189 3807 need

68 3829 231 3914 colloquia
264 3827 395 3914 quidem
428 3827 529 3912 princi
555 3849 611 3889 um
643 3827 867 3911 perspeximus
899 3826 1022 3908 venire3
1056 3834 1088 3891 et
1115 3847 1188 3890 cum

69 3913 260 4000 suppliciter
291 3934 365 3976 eum
397 3849 692 4009 interpellaremus*
728 3933 787 3995 pro
822 3910 1018 3974 imminentis
1054 3909 1190 3995 periculi

66 3999 272 4079 necessitate,
318 3996 445 4061 uolam
468 4016 595 4080 1amque
617 3994 799 4059 minabatur
823 3993 916 4058 nobis
936 3994 1069 4058 vastitas
1091 4003 1189 4079 atque

67 4083 220 4148 contritio
248 4017 402 4146 ecdesiae
430 4090 569 4158 nostrae,
598 4078 773 4164 respondit,
796 4100 830 4143 se
851 4099 916 4141 non
937 4098 1031 4163 posse
1052 4075 1104 4142 vel
1127 4078 1188 4142 sibi

65 4167 118 4233 vel
140 4165 236 4231 nobis
257 4165 418 4251 prodesse.
457 4163 556 4228 Primi
579 4184 655 4226 vero
678 4161 718 4227 de
740 4161 940 4248 principibus
963 4171 1054 4226 erant
1074 4162 1107 4224 in
1129 4163 1188 4226 eis-

66 4365 92 4420 a)
106 4366 314 4418 interpellaremur
330 4365 358 4416 13
372 4364 481 4405 Fraterno
496 4361 620 4404 emendavit.
