2812 4830
244 382 295 433 DE
315 380 473 432 UNITATE
493 381 695 433 EGOLESIAE
716 382 992 436 CONSERVANDA.
1127 384 1178 434 125

59 550 243 614 nescierunt
257 558 289 613 et
303 549 336 612 in
351 550 439 613 viam
454 571 546 613 suam
560 548 809 631 declinaverunt,
829 550 893 635 ipsi
908 552 1018 638 utique
1058 563 1178 618 astores

58 636 289 720 ignoraverunt
302 631 554 718 intelligentiam,
576 635 660 699 sicut
681 634 759 699 dicit
773 634 933 698 Dominus
952 658 1011 722 per
1059 638 1179 700 esaiam

58 717 266 805 prophetam:
289 717 433 802 Aperite,
455 718 489 780 in
1189 703 1324 756 ssew-³

512 718 569 799 uit,
581 727 710 802 portas,
726 728 755 782 et
768 721 981 804 inprediotnr
995 744 1075 806 pens
1090 724 1180 785 inste
1205 763 1284 804 Μ,
1327 735 1333 748 ·
1382 786 1384 790 1

57 804 246 869 custodiens
278 805 454 866 veritatem.
491 739 597 867 (lieren
626 825 719 867 error
751 803 842 884 abiit,
876 804 1022 869 servabis
1049 828 1178 890 pacem,

58 889 140 974 qnia
163 889 200 951 in
222 896 251 950 te
273 887 488 971 speravimus.
526 887 677 969 Domine,
701 887 796 951 dahis
839 911 926 953 ecem
942 889 1044 970 nohis,
1067 892 1180 954 omnic

57 974 146 1036 enim
175 993 275 1056 opera
303 979 418 1044 nostra
447 980 602 1055 operatus
632 994 665 1035 es
699 972 736 1034 in
764 911 866 1036 nodis.
916 973 1055 1038 Domine
1088 973 1180 1038 Dens

57 1064 178 1134 noster,
201 1055 439 1139 possederunt¹¹
472 1076 532 1119 nos
559 1055 686 1119 domini
713 1055 833 1141 absque
861 1065 900 1136 te,
930 1066 1056 1121 tantum
1084 1060 1122 1122 in
1152 1068 1180 1122 te

55 1139 267 1204 recordemur
287 1139 431 1203 nominis
452 1141 510 1201 tui.
547 1139 619 1224 Epo
641 1141 727 1203 enim
749 1162 829 1219 snm,
852 1140 898 1203 ait
918 1139 1089 1222 Dominus,
1111 1143 1314 1223 vicmanus.

56 1225 181 1288 veritas
203 1232 232 1286 et
246 1223 323 1286 vite.
358 1220 423 1286 Sed
439 1221 569 1320 Moyses
584 1233 749 1309 sequester
770 1243 808 1286 ac
822 1223 950 1289 medius
972 1224 1055 1289 inter
1069 1225 1178 1289 Deum

57 1317 90 1372 et
126 1305 283 1393 populum
316 1304 439 1370 Israhel
472 1305 555 1370 drxit
586 1307 627 1370 ad
660 1308 769 1371 Aaron
802 1307 1002 1373 sacerdotem
1034 1309 1177 1391 Domini,

57 1390 189 1478 quando
218 1400 287 1456 orta
316 1400 364 1455 est
393 1389 510 1455 seditio
539 1397 636 1476 atque
657 1389 812 1456 tumultus
834 1393 868 1455 in
890 1391 1025 1458 ecclesia
1046 1393 1120 1473 Dei,
1143 1403 1180 1458 ut

57 1488 147 1540 stans
177 1475 371 1539 interrivos
398 1483 430 1539 et
456 1483 599 1539 mortuos
623 1484 727 1540 oraret
747 1497 807 1561 pro
829 1476 958 1562 populo,
981 1485 1017 1541 ut
1039 1486 1180 1542 cessaret

81 1559 113 1622 la
137 1581 157 1623 a
178 1557 220 1622 ab
236 1579 284 1640 eo,
307 1560 399 1622 cuius
415 1579 512 1623 causa
526 1558 673 1625 interitus
692 1572 760 1624 erat
775 1561 892 1625 scisma
913 1583 972 1647 pro
988 1562 1177 1630 sacerdotia.

57 1583 154 1708 lude
184 1641 310 1706 locutus
343 1651 392 1707 est
417 1641 459 1707 ad
487 1641 593 1708 Ohore
627 1654 659 1709 et
690 1643 731 1707 ad
765 1665 892 1710 omnem
924 1644 1178 1711 multitudinem:

57 1729 171 1809 Mane,
193 1727 306 1813 inquit,
328 1735 439 1792 notum
452 1726 562 1812 faciet
583 1727 756 1808 Dominus,
780 1731 839 1813 qni
861 1731 906 1794 acl
929 1754 961 1794 se
978 1734 1177 1814 pertineant,
1187 1761 1256 1804 sum.
1267 1762 1301 1811 1⁶,
1310 1763 1331 1804 5,

58 1822 88 1876 et
103 1821 234 1877 sanctos
255 1835 277 1875 c
296 1811 436 1896 plicahit
459 1812 532 1892 sihi,
555 1821 583 1876 et
605 1834 684 1898 qnos
706 1813 837 1898 elegerit
859 1816 1179 1899 appropinquabunt

58 1897 99 1960 ei.
134 1897 177 1959 Et
200 1897 248 1959 eit
302 1897 430 1960 ominus
454 1897 499 1960 ad
513 1897 666 1981 Moysen:
689 1896 858 1981 ‘Praecipe
873 1921 1026 1962 universo
1039 1898 1166 1983 popolo
1187 1894 1302 1948 Numi

59 1989 95 2045 nl
124 1989 296 2064 separetur
326 2004 347 2044 a
376 1980 599 2044 tabernaculis
631 1980 732 2046 Chore
759 1990 787 2044 et
812 1981 952 2045 Dathen
981 1991 1010 2046 et
1032 1946 1179 2047 Abiron'i
1195 1954 1290 1996 Μ

58 2065 273 2150 Surrenitqne
288 2064 416 2150 Moyses
438 2073 467 2127 et
482 2064 564 2129 abiit
579 2065 626 2128 ed
639 2063 779 2128 Dotion
794 2075 824 2128 et
837 2065 964 2130 Ahiron
983 2076 1021 2146 et,
1044 2089 1076 2129 se
1099 2089 1177 2131 uen-

58 2149 146 2212 tibus
168 2173 239 2213 enm
261 2148 443 2213 senioribus
462 2149 599 2230 Israhel,
622 2150 709 2212 discit
732 2149 778 2212 ad
798 2149 943 2213 turbem:
973 2090 1133 2214 ‘Recedite
1157 2175 1177 2214 a

60 2232 286 2297 tabernaculis
309 2233 476 2296 hominnm
496 2234 675 2317 impiorum
697 2242 725 2296 et
746 2232 845 2298 nolite
867 2242 1000 2320 tanyere
1023 2258 1106 2318 qnae
1133 2235 1178 2298 cd

59 2339 115 2381 eos
133 2318 311 2401 pertinent,
334 2339 374 2380 ne
396 2315 614 2382 involvamini
635 2319 671 2380 in
689 2321 836 2401 peccetis
858 2320 996 2399 eornm';
1019 2328 1051 2382 et
1073 2326 1179 2382 cetera

57 2400 100 2464 de
116 2399 291 2465 eorundem
310 2401 566 2464 scismaticorum
587 2401 763 2487 suppliciis,
787 2423 869 2488 quae
892 2403 999 2466 omnia
1019 2403 1053 2465 in
1074 2402 1179 2486 figura

58 2485 292 2570 contingebant
325 2483 403 2566 illis3
446 2486 573 2569 scripto
609 2496 685 2549 sunt
722 2495 829 2550 antem
865 2488 910 2550 eol
953 2491 1178 2552 correctionem

59 2579 218 2650 nostram,
246 2571 284 2633 in
316 2592 396 2654 qnos
415 2570 503 2652 fines
532 2571 736 2635 saeculorum
764 2571 971 2651 devenerunt,
995 2572 1078 2635 sicut
1100 2571 1179 2635 dicit
1189 2595 1340 2648 1.cor.1o,11.

59 2652 235 2738 apostolus.
279 2652 373 2717 Unde
403 2652 681 2738 consyderandum
703 2663 761 2735 est,
791 2677 887 2740 quem
910 2677 952 2718 ex
977 2656 1026 2719 his
1049 2653 1181 2740 elegerit

59 2739 233 2818 Dominus,
260 2747 368 2801 utrum
390 2736 595 2822 Wigbertum
617 2759 657 2800 an
679 2737 919 2803 Hiltebrantum
946 2739 998 2804 vel
1026 2742 1076 2804 sui
1105 2741 1181 2803 scis-

59 2823 156 2886 matis
178 2843 396 2886 suecessorem
419 2822 584 2906 Sergium¹
610 2823 677 2886 sive
696 2821 785 2885 illum
806 2823 957 2887 Ottonem
980 2823 1180 2909 sacrilegum,

61 2909 128 2994 qui,
157 2907 240 2971 sicut
266 2906 388 2970 dictum
415 2913 464 2969 est
492 2927 599 2990 supra,
626 2906 749 2968 furatus
780 2914 828 2970 est
855 2905 1061 2971 ecclesiarum
1083 2908 1181 2994 privi-

59 2989 155 3076 legia,
175 2989 390 3056 ordinationes
406 2990 526 3054 faciens
546 2990 581 3052 in
595 2987 707 3052 alienis
721 2989 900 3074 parrochiis
924 3001 1034 3055 contra
1057 3002 1180 3056 sancto-

58 3097 133 3139 rum
148 3095 305 3138 canonum
324 3074 463 3157 decreta,
485 3082 521 3138 ut
542 3072 699 3138 eiusmodi
721 3072 881 3172 sacrilegii
903 3075 1051 3158 exemplo
1073 3075 1180 3140 aditus

59 3159 224 3244 ianuaque
284 3157 420 3222 andatur
453 3157 600 3223 omnibus
632 3157 791 3240 hereticis,
825 3180 852 3222 s1
883 3158 955 3222 talis
987 3160 1083 3223 fuerit
1115 3181 1180 3223 non

83 3252 181 3324 astor,
215 3181 281 3307 sed
303 3243 433 3308 invasor
463 3243 657 3328 apostolicae
689 3240 784 3324 sedis,
818 3240 921 3329 qualis
950 3253 1035 3307 certe
1067 3243 1120 3307 fur
1148 3253 1181 3308 et

59 3267 255 3392 hildebrant
282 3326 351 3409 fuit,
382 3326 533 3412 quoniam
563 3334 697 3406 constat,
720 3348 795 3389 eum
816 3349 892 3391 oves
915 3325 1034 3390 Christi
1060 3328 1180 3391 nonin

59 3432 162 3476 unum
190 3432 414 3510 congregasse,
445 3409 502 3474 sed
530 3432 628 3474 unum
657 3409 742 3474 ovile
765 3409 883 3476 Christi
912 3411 1093 3496 dissipasse,
1123 3413 1180 3497 qui

60 3505 93 3562 et
120 3497 233 3595 praeci
257 3518 325 3558 iens
353 3503 409 3559 aut
437 3497 649 3576 consentiens,
671 3494 798 3559 illicitas
820 3507 917 3582 atque
938 3495 1073 3560 furtivas
1096 3495 1179 3560 ordi-

60 3591 208 3644 nationes
233 3518 305 3643 1deri
333 3580 367 3642 in
393 3577 712 3666 metropolitanorum
741 3581 965 3665 cpiscoporum
992 3579 1178 3664 parrochiis,

61 3687 76 3729 s
101 3663 213 3729 oliavit
242 3662 393 3728 ecclesias
421 3665 488 3728 suis
513 3664 704 3763 privilegiis,
732 3664 879 3751 ideoque,
900 3665 992 3728 iuxta
1013 3662 1099 3748 quod
1121 3686 1180 3749 per

97 3747 256 3813 alachiam
277 3748 467 3833 prophetam
489 3747 607 3813 d1citur
627 3747 817 3812 aDomino:
839 3748 1050 3832 Disperdidit
1065 3749 1178 3813 Domi·
1190 3772 1244 3813 uu.
1254 3773 1275 3823 a,
1284 3772 1319 3811 12.

61 3856 127 3899 nns
149 3836 258 3897 oirnm
280 3833 429 3917 qnifeeit
447 3833 516 3913 hoc,
538 3834 733 3919 mepistrnm
754 3841 782 3896 et
804 3832 1003 3919 discipulam
1025 3834 1063 3896 de
1078 3833 1180 3896 teher-

63 3915 197 3982 ncenlis
213 3917 319 3997 Iacob,
343 3915 400 3979 ubi
415 3924 463 3979 est
484 3927 668 3981 sanctorum
684 3917 907 4001 congregatio,
930 3917 1081 4002 quoniam
1097 3939 1180 3980 unus

61 3999 159 4087 paulo
187 4010 270 4086 post,
304 4022 367 4086 quo
389 4010 521 4064 venerat
552 4000 719 4086 profugus,
746 4001 787 4064 ad
818 3999 985 4065 Salernam
1011 3998 1180 4065 defunctus

63 4097 112 4151 est
133 4086 168 4148 in
189 4087 330 4149 externis
352 4084 581 4167 mansionibus,
604 4094 636 4150 st
657 4084 737 4149 alter
759 4107 845 4149 nunc
866 4106 967 4170 usque
989 4094 1125 4170 vagatur
1146 4085 1181 4148 in

62 4170 195 4236 incertis
217 4168 358 4233 sedibus.
403 4168 498 4234 Tales
526 4179 611 4235 certe
639 4167 691 4233 vel
712 4169 845 4234 heretici
865 4167 917 4233 vel
939 4169 1113 4234 scismatici
1134 4170 1180 4232 in·

64 4295 85 4349 a)
100 4299 253 4349 possiderunt
270 4299 291 4337 1.

65 4393 93 4460 1)
111 4393 287 4445 Desiderium
308 4393 495 4444 (laminensem
516 4392 664 4459 (Victorem
683 4391 739 4456 ΙΙΙ)
759 4392 918 4457 intellegere
937 4392 1053 4443 videtur.
