2812 4830
230 363 281 411 144
423 363 473 413 DE
493 363 651 414 UNITATE
671 364 876 416 EGCLESIAE
897 364 1173 417 consulemini.

228 533 329 595 atinus
342 532 375 593 in
389 529 471 595 libro
486 532 596 616 quinto
610 530 650 595 de
662 532 790 595 civitate
799 532 890 614 Deil,
904 553 1049 596 asserens
1060 533 1227 597 veritatem
1242 530 1335 596 catho-

226 615 308 679 licae
326 613 419 697 fidei,
436 637 532 701 quam
548 625 632 680 certe
647 613 744 680 fidem
761 615 950 680 catholicam
966 639 1038 680 cum
1054 639 1113 680 nos
1128 626 1289 680 teneamus
1309 625 1335 680 et

228 699 448 781 confiteamur,
464 710 570 764 tamen
582 701 714 763 heretici
725 723 795 764 esse
810 709 842 765 et
856 701 1029 765 scismatici
1043 701 1084 765 ab
1096 700 1277 765 hominibus
1288 721 1334 762 ex·
1376 704 1378 757 i

227 793 337 849 ternae
353 785 585 848 communionis
604 783 817 866 inscribimur,
837 787 986 871 quoniam
1003 786 1095 848 iuxta
1106 785 1282 849 doctrinam
1297 794 1334 847 at·

68 889 219 941 1.Petr.2,1s.
230 891 292 954 que
306 869 493 932 mandatum
508 867 593 934 beati
604 868 692 933 Petri
709 868 847 954 apostoli
861 892 919 934 nos
935 868 1055 934 subditi
1069 891 1179 933 sumus
1193 869 1262 952 regi
1275 877 1334 931 tan·

230 975 325 1038 quam
355 951 561 1037 praecellenti
588 955 656 1017 sive
682 952 821 1018 ducibus
848 964 1002 1040 tanquam
1032 952 1073 1016 ab
1102 975 1139 1017 eo
1169 953 1283 1033 missis,
1308 962 1333 1014 et

228 1038 304 1123 quia
333 1038 429 1102 etiam
456 1038 731 1102 communicamus
753 1037 895 1124 pontifici
919 1036 1114 1123 apostolicae
1140 1037 1234 1107 sedis.
1278 1035 1333 1100 Sed

227 1122 283 1206 qui
312 1120 451 1186 debeant
479 1122 641 1186 aestimari
669 1121 721 1186 vel
751 1121 899 1187 catholici
918 1121 972 1186 vel
992 1121 1135 1203 heretici,
1164 1121 1280 1206 poterit
1299 1142 1333 1184 ex

227 1204 334 1270 studio
360 1205 586 1271 alterutrorum
616 1205 735 1293 colligi,
764 1207 855 1270 iuxta
883 1206 970 1293 quod
999 1207 1032 1268 in
1062 1206 1218 1290 superiori
1239 1204 1332 1269 libro²

226 1288 334 1375 aliqua
355 1312 466 1355 eorum
481 1301 572 1377 gesta
592 1300 625 1355 et
645 1313 751 1356 mores
773 1291 1010 1376 descripsimus.
1045 1288 1127 1353 Cum
1143 1289 1243 1353 nostri
1258 1289 1333 1352 deni-

227 1395 289 1459 que
311 1373 486 1438 adversarii
514 1384 688 1439 exeuntesa
709 1396 729 1438 a
750 1374 853 1457 nobis,
874 1396 940 1437 non
961 1395 1021 1438 nos
1043 1372 1084 1438 ab
1106 1372 1179 1457 illis,
1200 1374 1333 1439 fecerunt

227 1460 345 1522 scisma
373 1459 407 1521 in
435 1458 651 1523 ecclesiastico
681 1481 823 1545 corpore,
852 1458 990 1544 professi
1022 1460 1119 1523 etiam
1152 1459 1184 1521 in
1218 1458 1333 1542 scriptis

227 1543 304 1622 suis,
326 1563 360 1606 se
382 1541 553 1607 defendere
598 1552 698 1607 artem
720 1544 770 1607 sui
786 1565 891 1642 papae
906 1542 1067 1627 Gregorii,
1091 1541 1240 1641 qualibus
1259 1549 1333 1605 certe

227 1624 340 1690 scribit
352 1626 548 1711 apostolicus
564 1565 677 1691 doctor
691 1625 875 1692 Gelas1us³:
901 1641 1021 1693 Tollarur
1034 1659 1102 1708 erqo,
1122 1626 1235 1711 mquit,
1250 1655 1333 1691 nouus

227 1715 353 1781 emedio,
374 1718 444 1782 qnod
463 1717 631 1769 ecclesiarum
649 1717 832 1769 discretionem
845 1717 944 1783 procui
970 1734 988 1766 a
1013 1716 1142 1767 catholica
1164 1714 1333 1767 communione

227 1807 361 1865 operatur,
380 1807 410 1851 ut
427 1816 539 1867 syncera
552 1815 612 1864 pac
629 1799 699 1865 fidei
716 1790 957 1865 communionisque
980 1806 1122 1863 reparetur
1140 1803 1164 1848 et
1183 1798 1286 1857 unitam
1308 1787 1334 1842 ei

224 1874 302 1930 tunc
337 1868 410 1952 quis
437 1876 582 1930 nostrum
605 1876 716 1929 contra
744 1868 958 1931 venerandam
987 1864 1040 1928 vel
1061 1865 1270 1929 insurrexerit
1289 1860 1333 1925 vel

224 1951 344 2014 nitatur
375 1952 540 2034 insurgere
569 1960 769 2032 vetustatem,
800 1957 1019 2036 competenter
1046 1961 1078 2012 et
1105 1947 1248 2033 legitime
1272 1969 1332 2032 per-

248 2036 381 2116 uiratur,
403 2045 435 2099 et
456 2032 522 2098 illic
535 2035 714 2120 apparebit,
737 2037 808 2133 quis
830 2034 974 2100 modesto
996 2034 1163 2118 proposito
1186 2031 1334 2096 custodiat

225 2058 360 2183 lbrmam
387 2119 656 2204 traditionemque
685 2139 858 2200 marorum,
887 2120 959 2204 quis
988 2136 1087 2203 supra
1113 2117 1195 2182 baec
1224 2118 1333 2180 inreve-

64 2212 332 2276 er.rnu.s‚s.renter
352 2201 506 2283 insiliens,
532 2203 604 2287 quis
629 2203 743 2288 rapina
764 2202 931 2289 aequalem
952 2223 1048 2287 posse
1071 2202 1142 2265 fieri
1163 2199 1332 2266 arbitretur.

309 2288 339 2350 2.
376 2285 468 2351 Haec
489 2286 658 2369 hactenus3
681 2308 767 2350 nunc
780 2308 868 2367 vero,
891 2289 975 2351 sicut
994 2308 1092 2371 supra
1106 2286 1332 2371 promisimus⁴,

225 2369 266 2434 ds
294 2369 421 2455 scriptis
445 2370 620 2435 Clementis
642 2391 746 2456 papae
768 2370 971 2452 disseremus,
999 2369 1182 2455 probantes,
1205 2391 1244 2435 ea
1265 2366 1330 2431 fidei

226 2452 401 2518 catholicae
422 2476 502 2533 esse,
525 2476 606 2552 quae
629 2455 680 2517 vir
701 2453 833 2541 quidam
856 2456 986 2540 iniquus
1015 2463 1047 2518 et
1067 2452 1198 2518 dolosus
1221 2451 1333 2539 quaerit

224 2546 407 2684 pervertere
428 2536 600 2600 falsissima
620 2538 890 2624 interpretatione,
914 2540 970 2624 qui
985 2539 1081 2602 etiam
1102 2536 1198 2624 plura
1219 2545 1334 2624 praeter

247 2640 308 2682 anc
331 2641 427 2704 quam
449 2619 555 2683 adbuc
576 2621 611 2683 in
632 2632 895 2687 manutenemus
922 2620 1091 2707 epistolam
1118 2621 1285 2707 profitetur
1304 2638 1332 2681 se

225 2703 394 2786 scripsisse
424 2714 535 2768 contra
564 2705 700 2770 eundem
729 2706 915 2791 pontificem
944 2705 1142 2790 apostolicae
1168 2705 1270 2769 sedis:
1300 2704 1332 2766 la

225 2786 340 2867 libello,
360 2787 517 2871 inquiens,
540 2812 632 2874 quem
645 2790 788 2873 fecimus
809 2792 869 2855 tibi
889 2792 1000 2871 scribi,
1024 2793 1141 2874 optime
1164 2791 1209 2854 ad
1232 2790 1333 2853 omnia

225 2871 441 2955 respondetur
461 2873 512 2936 liis
554 2897 617 2938 uae
636 2876 674 2938 in
692 2876 848 2960 Wipberti
865 2873 1002 2959 epistola
1017 2877 1157 2939 invenis.
1188 2873 1254 2938 Sed
1269 2871 1332 2958 quis

225 2955 267 3017 sit
287 2953 328 3018 ad
350 2975 445 3040 quem
469 2896 597 3038 scribat,
619 2967 728 3022 textus
750 2959 926 3042 scripturae
948 2980 1014 3022 non
1035 2956 1166 3038 indicat,
1190 2979 1262 3021 cum
1284 2975 1334 3019 nec

224 3038 347 3186 proprii
375 3040 513 3104 nominis
542 3063 605 3105 nec
631 3042 701 3106 eius
722 3041 765 3105 ad
786 3064 882 3127 quem
905 3041 1058 3106 scribitur
1085 3039 1224 3127 epistola
1250 3061 1335 3105 voca·

246 3120 292 3185 ulr
305 3123 499 3187 mentionem
514 3124 654 3211 aliquam
675 3127 812 3210 scriptor
825 3126 946 3207 fecerit,
971 3128 1026 3211 qui
1041 3126 1138 3190 etiam
1160 3127 1194 3188 in
1210 3123 1335 3190 exordio

224 3206 326 3290 ipsius
348 3205 502 3290 epistolae
525 3208 613 3289 dicit,
636 3209 724 3294 quod
746 3207 969 3274 salutationem
997 3211 1026 3274 ei
1052 3210 1233 3295 praefigere
1255 3207 1335 3284 nolit,

226 3311 300 3353 cum
322 3291 501 3375 praecipiat
522 3291 641 3356 Paulus
663 3292 825 3377 apostolus
846 3294 960 3359 fratres
982 3292 1122 3358 salutare
1149 3316 1183 3357 se
1205 3295 1337 3357 invicem

103 3359 126 3401 ²·
134 3359 214 3470 {¹¹1⁰ss
225 3373 259 3435 in
277 3372 385 3436 osculo
408 3384 536 3437 sancto:
559 3377 645 3460 quod
666 3386 807 3462 sipnum,
829 3379 943 3463 inquit,
966 3379 1180 3443 salutationis
1202 3377 1338 3443 inomni
1376 3452 1378 3457 Ι

226 3455 364 3539 epistola
378 3459 428 3521 ita
443 3458 548 3523 scribo
555 3483 567 3538 ,·
590 3469 685 3542 atque
706 3462 779 3524 ideo
794 3483 960 3546 ropamus,
982 3463 1035 3543 ait,
1058 3485 1115 3526 uos
1128 3462 1263 3546 fratres
1281 3482 1338 3545 per

227 3539 402 3604 aduentum
429 3541 555 3604 domini
582 3546 686 3607 nostri
706 3545 783 3607 Iesu
807 3545 930 3611 Christi
956 3556 985 3611 et
1006 3556 1139 3610 nostrae
1161 3568 1337 3632 conprepa·

225 3625 324 3685 tionis
352 3625 389 3686 in
416 3622 453 3684 id
478 3625 598 3706 ipsum,
627 3637 663 3690 ut
684 3650 751 3691 nou
772 3630 834 3693 cito
856 3631 1052 3694 ruoveamini
1075 3655 1097 3694 a
1119 3640 1224 3695 uestro
1248 3651 1338 3694 sensu

226 3727 328 3788 neque
355 3709 545 3770 terreamini
572 3731 672 3793 neque
697 3714 934 3796 perspiritum
961 3737 1064 3800 neque
1079 3737 1146 3800 per
1168 3735 1338 3779 sermonem

227 3907 251 3959 s)
267 3909 386 3958 exigentes
404 3912 423 3951 1.

231 4091 259 4155 l)
278 4091 420 4157 Augustini
446 4096 535 4162 Opera
553 4100 616 4161 VII,
635 4118 662 4166 p.
684 4102 744 4152 126.
821 4104 850 4170 2)
879 4108 919 4156 Ex
945 4109 986 4159 his
1010 4109 1101 4160 verbis
1128 4115 1252 4176 apparet,
1271 4105 1339 4159 Wal-

228 4170 340 4249 tremum
363 4167 569 4232 disputationem
589 4189 663 4223 suam
682 4176 710 4224 in
732 4182 785 4227 tres
804 4177 888 4230 libros
910 4181 1046 4244 divisisse,
1067 4190 1094 4233 et
1120 4185 1155 4233 ab
1180 4184 1234 4233 hoc
1257 4181 1339 4246 capite

228 4240 335 4286 tertrum
365 4238 459 4292 librum
485 4243 613 4308 incipere.
693 4246 722 4312 3)
748 4249 859 4302 Hinsch.
885 4251 903 4304 l.
924 4269 948 4304 c.
973 4272 999 4320 p.
1021 4255 1086 4307 641.Ι
1168 4254 1199 4321 4)
1225 4255 1287 4304 Lib.
1304 4251 1340 4308 II,

229 4322 253 4358 c.
273 4307 316 4372 22,
334 4311 380 4360 nbi
401 4314 560 4366 Waltramus
581 4317 696 4369 dixerat:
715 4320 782 4371 sicut
796 4323 967 4387 probabimus
985 4328 1015 4378 in
1034 4330 1156 4394 sequenti
1176 4328 1252 4381 libro.
