2812 4830
248 355 297 404 DE
317 355 476 406 UNITATE
495 355 700 406 EOCLESIAE
722 356 998 410 CONSERVANDA.
1130 359 1182 408 135

66 537 90 582 et
115 529 200 597 opnie.
240 528 313 590 Quid
330 529 404 596 satit
428 530 456 580 in
476 536 582 595 pectore
598 529 749 581 ,elmodam
775 531 899 597 luporum
916 532 1016 598 feritas
1043 539 1066 584 et
1085 551 1182 586 eanum

64 603 151 655 rabies
171 609 196 655 et
207 619 337 654 uenenum
350 604 427 655 letale
439 604 619 669 serpentiuma
638 611 662 655 et
675 612 785 654 eruenta
798 605 912 655 saevitia
927 605 1086 658 beatiorum?
1112 607 1181 658 Gra·

65 685 208 736 tutandum
227 694 272 748 est,
298 671 412 756 inquit,
436 702 495 741 cunt
518 685 584 736 talea
609 685 642 736 de
666 687 775 738 eeclesia
799 697 968 754 separantur,
986 706 1021 740 ne
1040 689 1181 754 columbae,

64 777 97 811 ne
117 775 177 810 aveo
197 758 295 810 Otrtnt
312 778 395 812 saeva
414 776 466 811 sua
484 767 508 809 et
520 765 651 809 venenata
663 758 818 828 contupione
832 761 1008 826 praedentur.
1038 762 1182 816 Ooltaerere

65 839 90 884 et
115 832 240 899 coniunpi
264 850 317 885 non
335 842 423 900 potest
450 831 601 882 amaritudo
627 848 685 882 cum
710 832 858 897 dulcedine,
884 835 968 902 ealipo
995 852 1053 888 cum
1072 835 1180 900 lumine,

61 923 159 973 pupna
184 922 242 956 eum
262 924 339 973 pace,
366 913 503 973 tempestas
524 922 581 956 eum
601 905 802 970 tranquillitate.
842 906 924 958 Nemo
944 908 1080 972 euictimet,
1100 910 1180 960 bonos

63 979 97 1030 de
117 976 317 1045 aeconomiae
336 981 479 1041 discedere,
500 978 562 1030 aed¹
588 978 634 1043 qui
651 977 788 1030 iactantur
806 978 873 1030 sicut
891 979 985 1033 inanes
999 983 1098 1047 paleae
1118 992 1181 1035 tem·

58 1059 173 1118 pestate,
196 1070 309 1118 quorum
327 1071 458 1120 peruersa
480 1068 552 1102 mens
575 1069 627 1102 non
652 1052 729 1104 babet
742 1069 845 1118 pacem,
865 1053 930 1104 dum
943 1054 1061 1121 perfidia
1081 1055 1180 1108 diacor-

64 1136 136 1187 done
154 1152 208 1186 non
227 1142 295 1188 tenet
313 1136 450 1187 unitatem.
479 1119 568 1204 Ergo
589 1118 720 1204 longum
743 1129 791 1184 est
817 1121 900 1184 inter
920 1122 1094 1186 monachos
1115 1144 1180 1187 oer-

63 1213 173 1268 tamen
193 1211 290 1288 atque
311 1203 472 1267 discordia
494 1203 534 1266 de
555 1211 644 1268 veste
665 1203 864 1286 monachica,
886 1214 918 1270 et
939 1206 1026 1291 apud
1047 1228 1102 1270 eos
1125 1208 1181 1294 qui

63 1286 280 1371 religiosiores
302 1288 452 1353 videntur
477 1310 536 1374 pro
566 1308 625 1350 sua
651 1288 812 1369 iaetantia,
838 1288 926 1374 apud
947 1312 1012 1374 eos,
1038 1290 1180 1377 inquam,

63 1383 132 1437 tam
160 1370 301 1436 solemne
330 1381 379 1436 est
406 1382 438 1436 et
466 1371 591 1437 celebre
617 1380 747 1458 tamque
773 1382 919 1437 sanatum
947 1381 979 1438 et
998 1375 1179 1441 venerabile

61 1477 182 1520 nomen
214 1455 300 1542 quod
329 1467 378 1521 est
410 1455 531 1542 duplex
559 1457 667 1537 vestis,
695 1466 730 1520 ut
756 1456 872 1543 reliqui
900 1480 959 1543 per
986 1459 1180 1524 monasteria

64 1538 215 1605 monachi
236 1538 354 1605 nullius
374 1541 481 1604 meriti
502 1540 553 1605 vel
572 1541 728 1605 momenti
748 1542 956 1606 aestimentur
977 1543 1018 1608 ab
1041 1545 1097 1625 eis,
1117 1545 1181 1608 nisi
1190 1583 1220 1628 οἱ,
1231 1585 1314 1629 Μ

62 1625 238 1689 induantur
268 1627 328 1689 hao
358 1624 510 1710 dyploide
532 1625 737 1690 confusionis.
781 1624 862 1690 Sed:
894 1627 1046 1709 Duabus,
1075 1628 1180 1715 inquit
1201 1646 1237 1698 1⁰,
1246 1647 1282 1690 1⁰.

63 1709 234 1792 Dominus,
256 1712 378 1774 tunicis
399 1733 439 1774 ne
453 1711 655 1790 induamini,
677 1717 724 1774 et:
748 1710 911 1775 Habentes
925 1714 1045 1778 oletum
1064 1723 1092 1776 et
1107 1715 1178 1799 qui·
1190 1703 1317 1805 ⁰⁶6¹·,Tm'

63 1795 124 1858 bne
143 1796 310 1879 tepamini,
332 1795 385 1858 lis
407 1804 501 1858 estote
523 1795 672 1857 contenti.
710 1793 830 1859 Contra
851 1793 931 1858 haee
953 1797 1048 1861 etiam
1071 1797 1181 1862 divina
1234 1791 1270 1817 ’⁸

62 1877 217 1943 mandata
238 1878 389 1944 affectant
410 1877 500 1942 laxas
521 1887 637 1958 vestes,
661 1878 716 1963 qui
737 1886 811 1941 sunt
832 1879 894 1943 sibi
915 1879 949 1942 in
970 1880 1031 1943 hoo
1050 1902 1114 1966 quo
1138 1903 1212 1982 uecf
1229 1941 1315 1984 mr

60 1962 243 2047 placentes,
273 1985 346 2026 oum
377 1962 508 2048 superbi
538 1961 714 2026 secundum
742 1961 811 2026 Scri
837 1971 924 2027 turas
951 1962 1085 2029 Sanctus
1115 1966 1178 2029 a‘o
1224 2001 1244 2051 ς,
1253 2002 1288 2042 10,

60 2048 192 2111 nomine
219 2046 420 2132 appellentur
449 2045 511 2110 sibi
537 2045 710 2131 placentes.
756 2045 798 2111 se
873 2069 907 2112 er
927 2047 1070 2112 naturale
1091 2049 1180 2134 inge-

61 2132 164 2212 nium,
194 2153 257 2217 quo
284 2129 330 2194 illi
359 2132 465 2194 minus
493 2131 630 2216 sapiunt,
663 2129 820 2196 intellexit
846 2067 1016 2198 lincunus²
1048 2132 1179 2220 quidam

61 2215 193 2364 gentilis
214 2225 321 2301 poeta,
344 2216 429 2301 quod
452 2214 546 2279 laxae
560 2224 666 2279 vestes
689 2215 899 2300 praetendant
920 2225 1064 2303 teporem
1080 2239 1178 2303 quen·

85 2322 139 2363 am
168 2310 200 2364 et
227 2299 394 2365 mollitiem
423 2320 543 2382 eorum,
574 2301 629 2384 qui
652 2298 778 2364 desides
800 2320 839 2363 ao
861 2302 946 2386 pigri
967 2300 1116 2366 videntur
1136 2301 1179 2366 ad

61 2384 216 2449 virtutum
239 2385 409 2449 exercitia:

150 2468 316 2553 Quicquid
338 2470 384 2533 ad
405 2469 501 2549 Eoos,
522 2467 637 2554 iuquit,
659 2477 784 2532 tractus
805 2470 984 2556 mundique
1005 2480 1144 2556 teporem

145 2553 296 2635 Labitur,
318 2553 436 2618 emollit
457 2562 566 2638 pentes
588 2551 755 2616 clementia
777 2553 870 2634 caeli,

146 2637 220 2701 Illic
242 2647 270 2701 et
292 2638 391 2701 lanas
413 2647 512 2701 uestes
534 2647 562 2700 et
574 2637 677 2721 fluxa
697 2638 842 2701 virorum

154 2722 337 2786 Velamenta
358 2723 457 2786 uides.

62 2805 128 2870 Sed
169 2807 388 2869 sanctissimus
429 2811 521 2889 pater
556 2802 773 2868 Benedictus³
809 2804 993 2870 describens
1029 2815 1180 2892 quattuor

60 2911 182 2974 genera
213 2890 459 2954 monachorum:
494 2901 625 2966 Tertiam,
652 2888 770 2973 inquit,
803 2904 991 2955 monoclerum
1020 2907 1179 2958 teterrimum

58 3006 143 3057 genus
168 2997 206 3040 eat
226 2981 464 3048 Sarabaitarumb,
488 2969 522 3034 ld
544 2978 592 3034 &Sl
620 2970 683 3035 Slbl
704 2970 892 3052 viventium,
920 2985 968 3051 qui
990 2987 1068 3037 nulla
1085 2989 1180 3054 rapula

61 3063 212 3129 approbati,
238 3061 400 3128 experientia
418 3061 553 3127 nuptura,
575 3060 642 3111 sicut
661 3077 758 3111 aurum
776 3060 805 3111 in
816 3061 948 3126 sornaee;
966 3059 1013 3109 sed
1030 3058 1059 3109 in
1074 3061 1180 3125 plumbi

24 3161 26 3166 ·
60 3144 190 3188 naturam
214 3136 315 3199 molliti,
343 3136 431 3187 adbuc
455 3133 577 3200 operibus
603 3143 738 3185 seruantes
758 3135 862 3186 taeeulr
880 3133 971 3199 fldem,
997 3131 1103 3184 mentiri
1119 3133 1177 3186 Deo

56 3228 109 3276 per
121 3218 259 3261 tonsuram
277 3218 431 3270 noscuntur,
451 3205 546 3272 quibus
560 3224 612 3273 pro
626 3208 679 3275 leqe
695 3215 733 3259 est
751 3205 951 3274 desyderiorum
969 3206 1099 3270 volumtas,
1119 3223 1178 3257 eum

61 3281 188 3350 quioquid
206 3284 362 3348 putaverint
387 3282 428 3333 oel
446 3281 483 3332 ele
502 3279 568 3332 erint
587 3281 635 3332 lton
654 3280 746 3332 dieunt
764 3289 892 3343 tanetum,
912 3287 936 3332 et
955 3279 1025 3344 quod
1043 3277 1178 3331 noluerint

60 3366 109 3418 noe
122 3370 223 3432 putant
240 3382 294 3414 non
313 3363 418 3416 liceret
489 3347 551 3412 nde
573 3358 605 3412 et
625 3370 684 3433 per
706 3347 910 3413 Solomonem
933 3347 1068 3410 dieitur:
1090 3346 1326 3420 Santonorum.

59 3435 168 3519 impii,
198 3435 256 3516 qui
282 3435 331 3496 ita
361 3435 468 3498 securi
498 3441 584 3514 sunt,
613 3435 711 3519 quasi
731 3436 891 3498 iustorum
903 3429 1003 3516 faeta
1026 3429 1175 3497 labeant.

60 3517 128 3583 Sed
160 3538 232 3598 ooo,
266 3518 324 3600 qui
351 3519 453 3581 secuti
481 3519 558 3580 estis
589 3540 653 3599 nte,
689 3518 735 3582 ait
763 3516 939 3597 Dominus,
965 3517 1088 3579 intrate
1112 3535 1339 3601 peruenerat.

60 3610 239 3688 anpuotam
248 3610 395 3686 portam,
417 3604 498 3684 quin
512 3601 583 3665 lata
593 3610 697 3688 porta
718 3611 746 3667 et
765 3603 914 3685 spatiosa
936 3601 991 3662 oia
1010 3608 1069 3680 est,
1093 3623 1177 3686 quae

60 3687 152 3750 ducit
180 3686 226 3748 ad
247 3684 478 3770 perditionem,
508 3695 537 3750 et
562 3685 764 3768 multisunt,
788 3687 846 3772 qui
866 3687 994 3749 intrant
1010 3706 1075 3768 per
1096 3707 1177 3749 eam.

62 3768 170 3844 Quam
201 3778 356 3855 anpusta,
384 3770 498 3855 inquit,
523 3778 627 3855 porta
654 3780 682 3835 et
710 3772 891 3849 arctauia,
914 3767 1268 3855 quaedueitud1r.1e

58 3914 81 3967 a)
97 3918 233 3965 serpentum
249 3915 311 3964 appr.
371 3911 395 3964 b)
413 3912 586 3954 Surabutturnm
604 3918 625 3955 t.

59 4029 85 4093 1)
112 4030 260 4094 Sequentia
285 4036 375 4080 noster
398 4030 437 4079 ita
462 4030 601 4091 contraxit,
627 4034 657 4078 ut
682 4043 715 4078 ne
740 4029 889 4079 sententiae
915 4025 1023 4092 quidem
1042 4029 1175 4093 parceret.

59 4101 377 4170 2)V111‚3oo-368.
452 4100 482 4168 3)
508 4101 611 4154 Bened.
631 4102 699 4167 Reg.
729 4116 753 4152 a.
775 4101 800 4152 1.
876 4099 905 4166 4)
933 4100 1022 4152 Germ.
1045 4100 1175 4152 Lauresh·

58 4173 120 4241 (SS.
142 4176 217 4240 XXI,
240 4194 267 4242 p.
287 4176 371 4242 430):

246 4249 394 4312 Quodlibet,
413 4248 443 4300 id
453 4247 574 4315 faciunt,
593 4247 641 4299 ltoe
660 4255 684 4299 et
703 4245 803 4299 lieitum
814 4247 879 4312 fore
898 4245 990 4297 dicant

245 4322 319 4385 Quae
338 4323 432 4374 nolunt
445 4338 498 4388 per
516 4338 551 4385 oe,
572 4327 693 4372 statuunt
710 4337 765 4372 non
782 4321 832 4371 illo
849 4320 934 4372 liuere.
