2812 4830
248 377 281 427 62
437 376 487 427 DE
508 374 667 427 UNITATE
687 373 893 426 accensus
914 372 1195 428 conssssvtnnt.

167 569 237 624 (xiv)
249 549 414 611 hnmanae
428 545 555 630 pieriae
567 543 706 628 faciunt
729 544 786 608 boc
808 545 943 609 intuitu.
981 541 1073 606 Sicut
1094 542 1209 608 scribit
1225 541 1362 609 Gelasius

248 642 363 717 papa¹‚
385 644 438 694 duo
451 650 529 706 sunt,
548 642 642 708 quibus
649 640 838 708 principaliter
846 640 963 693 mundus
976 641 1019 692 bic
1034 640 1145 709 repitur,
1166 643 1316 694 auctoritas
1330 661 1362 695 sa·

249 728 325 771 crata
333 717 487 784 pontificum
497 722 520 766 et
529 715 627 782 repulia
632 721 759 781 potestas.
774 714 905 767 Obristns²
916 715 993 777 enim,
1004 731 1102 766 memor
1104 715 1272 782 frapilitatis
1282 716 1364 768 tuno

247 810 309 856 nae,
323 792 393 857 quad
405 805 514 841 sucrum
526 789 608 840 saluti
620 794 774 855 conprueret
786 788 983 853 dispensatione
994 788 1138 856 magnifica
1150 789 1318 855 temperavit,
1335 791 1364 842 sic

249 864 396 919 actionibus
417 862 538 929 propriis
562 861 787 929 dipnitatibusque
812 860 944 914 distinctis
964 862 1053 926 officia
1073 861 1218 928 potestatis
1238 862 1365 930 utriusque

247 937 380 1002 discrevit,
400 952 461 987 suos
481 936 570 987 volens
588 933 743 986 medicinali
761 934 908 986 bumilitate
921 933 1032 999 salvari,
1045 952 1100 986 non
1112 935 1238 986 bumana
1251 935 1365 1000 superbio

247 1011 377 1078 intercipi,
391 1016 420 1060 ut
433 1016 457 1061 et
470 1006 609 1060 christiani
621 1008 792 1074 imperatores
797 1025 851 1073 pro
863 1015 972 1059 aeterna
980 1007 1038 1058 nita
1042 1007 1216 1074 pontificibus
1225 1008 1365 1076 indiperent

248 1093 271 1137 et
292 1085 430 1150 pontifices
449 1099 502 1148 pro
527 1081 711 1147 temporalium
735 1097 816 1131 cursu
838 1098 928 1133 rerum
950 1080 1133 1148 imperialibus
1152 1081 1364 1148 dispositionibus

246 1166 391 1222 uterentur,
405 1154 532 1222 quatinus
545 1154 675 1220 spiritalis
686 1152 755 1204 actio
766 1172 783 1204 a
797 1154 984 1221 temporalibus
994 1153 1106 1206 distaret
1115 1154 1271 1206 incursibus
1285 1162 1309 1207 et
1317 1156 1364 1208 Deo

247 1232 364 1283 militans
383 1228 490 1280 minime
508 1244 536 1279 se
554 1227 665 1294 nepotiis
685 1227 867 1278 saecularibus
885 1225 1044 1294 implicaret,
1069 1236 1093 1278 et
1117 1228 1238 1280 uicissim
1256 1245 1311 1280 non
1327 1229 1363 1280 ille

247 1307 325 1357 rebus
344 1302 444 1355 divinis
459 1299 617 1368 praesidere
637 1298 781 1364 videretur,
801 1300 847 1365 qui
866 1309 932 1353 esset
951 1301 1061 1368 nepotiis
1079 1301 1268 1353 soecularibus
1287 1301 1363 1369 impli-

246 1388 332 1440 catus,
348 1385 378 1428 ut
398 1383 421 1428 et
439 1373 569 1426 modestia
587 1375 724 1438 utriusque
743 1373 846 1425 ordinis
865 1383 1014 1438 curaretur,
1033 1391 1066 1426 ne
1079 1376 1251 1427 extolleretur
1264 1385 1363 1442 utroque

247 1453 381 1517 suffultus,
408 1457 432 1500 et
456 1455 602 1513 competens
622 1447 797 1512 qualitalibus
825 1445 958 1498 actionum
976 1447 1125 1513 specialiter
1138 1448 1277 1515 professio
1297 1455 1364 1516 opta·

247 1541 329 1585 resur.
360 1515 456 1580 Hanc
478 1515 543 1579 Dei
565 1514 838 1600 dispensationem
861 1515 1004 1601 quisquis
1026 1512 1198 1614 diligenter
1226 1517 1363 1582 conside·

246 1610 297 1665 rat
328 1603 421 1664 iuxta
455 1597 597 1662 divinam
628 1599 796 1684 utriusque
826 1599 994 1685 potestatis
1024 1598 1274 1681 minationem,
1302 1623 1362 1686 per·

248 1684 363 1782 spiciet
391 1706 477 1766 sane,
505 1685 539 1747 in
560 1682 622 1748 hoc
646 1703 773 1769 quoque
795 1705 854 1768 per
874 1681 1122 1748 Hildebrantum
1145 1692 1177 1748 et
1200 1685 1364 1770 episcopos

249 1790 318 1834 erus
340 1790 490 1853 magnam
509 1776 674 1854 operatam
697 1789 766 1832 esse
788 1768 999 1853 iniquitatem,
1022 1768 1086 1854 qui,
1102 1788 1177 1832 cum
1193 1790 1255 1854 pro
1270 1770 1364 1853 ponti·

248 1851 333 1917 ficali
364 1853 519 1938 dignitate
547 1875 612 1917 non
641 1851 796 1917 deberent
821 1851 872 1916 vel
898 1852 1036 1937 negotiis
1058 1850 1282 1918 saecularibus
1304 1875 1364 1919 sese

246 1936 427 2024 implicare,
456 1945 693 2022 lampaverunt
722 1935 784 1999 sibi
813 1936 1045 2000 ordinationem
1073 1936 1183 2020 regiae
1207 1937 1364 2024 dignitatis

249 2031 360 2086 contra
381 2021 445 2085 Dei
472 2021 706 2086 ordinationem
736 2029 768 2084 et
796 2028 908 2084 contra
929 2041 1024 2083 usum
1045 2028 1143 2105 atque
1165 2019 1363 2108 disciplinam

249 2103 423 2187 ecclesiae3
445 2113 477 2169 et
499 2106 574 2191 quia
595 2104 658 2189 ipsi
680 2101 850 2168 noluerunt
871 2102 1071 2168 Henrichum
1092 2127 1205 2190 regem
1226 2128 1364 2192 regnare,

248 2189 368 2254 idcirco
389 2186 492 2254 noluit
513 2191 608 2254 etiam
624 2189 764 2273 scriptor
777 2188 963 2285 propositae
985 2187 1140 2274 epistolae
1160 2211 1197 2254 re
1240 2213 1275 2254 m
1298 2213 1363 2257 eum

247 2272 422 2360 appellare,
444 2272 503 2337 sed
524 2273 605 2336 miro
628 2274 725 2336 modo
748 2293 822 2334 eum
844 2271 1057 2355 1nh0noravit,
1079 2294 1174 2358 quem
1234 2297 1293 2341 eus
1314 2296 1363 2361 per
1391 2269 1396 2280 '

89 2379 164 2422 nra
173 2380 237 2431 arr.
247 2355 429 2443 apostolum
459 2378 554 2420 suum
576 2357 705 2420 Petrum
735 2354 947 2422 honorificare
968 2357 1135 2443 praecipit,
1162 2360 1364 2445 quoniamst

248 2440 350 2504 honor
371 2464 406 2505 re
432 2442 457 2504 's
478 2440 634 2504 iudicium
656 2439 770 2525 diligit.
813 2439 856 2505 Et
885 2441 962 2526 quia
982 2463 1041 2505 nos
1063 2441 1203 2507 instituti
1226 2444 1364 2510 doctrina

157 2549 208 2590 rus.
217 2549 239 2589 s.
248 2524 386 2609 apostoli
426 2525 509 2589 udae
530 2545 594 2588 non
615 2525 852 2610 praesumimus
871 2524 1120 2590 dominationem
1143 2548 1298 2612 spernere
1318 2526 1364 2591 vel

249 2609 450 2673 maiestatem
479 2606 713 2693 blasphemare,
743 2608 925 2675 iudicamur
946 2611 1091 2674 extranei
1113 2631 1185 2676 esse
1207 2610 1250 2677 ab
1272 2612 1363 2677 eccle·

94 2693 379 2768 neur.1r‚e.siastica
408 2694 643 2775 communione,
672 2716 747 2758 cum
774 2694 966 2780 aspicientes
994 2695 1028 2757 in
1054 2704 1221 2759 auctorem
1242 2695 1317 2760 fidei
1337 2704 1364 2761 et

250 2785 542 2843 consummatorem
574 2777 694 2859 Iesum,
731 2776 905 2842 reddamus
937 2779 1087 2863 potestati
1118 2800 1139 2841 a
1169 2779 1246 2843 Deo
1278 2780 1363 2846 nobis

95 2884 165 2926 asur.
176 2885 238 2936 12‚1.
249 2858 410 2947 praelatae
438 2861 538 2927 debiti
566 2861 696 2927 honoris
724 2860 922 2947 suffragium,
952 2867 1112 2947 ‘magnam
1134 2860 1293 2929 habentes
1313 2865 1362 2927 im·

248 2945 387 3093 positam
414 2946 534 3011 nubem
562 2947 710 3029 testium,
743 2968 802 3032 per
829 2967 966 3032 quorum
997 2945 1186 3032 patientiam
1216 2946 1363 3012 simulet

272 3031 427 3096 cetrinam
471 3053 638 3096 curramus
687 3031 729 3095 ad
795 3031 931 3116 repositi
974 3031 1156 3095 certaminis
1200 3030 1361 3096 bravium'.

250 3113 388 3180 Sanctus
408 3116 494 3181 enim
517 3115 584 3181 Gra
608 3115 696 3178 orius
718 3115 751 3176 in
771 3052 855 3179 libro
878 3114 918 3180 de
963 3114 1092 3179 astorali
1118 3134 1198 3178 cura
1219 3116 1363 3203 proponit

248 3198 342 3264 nobis
371 3199 556 3286 exemplum
584 3138 693 3264 {aulis
721 3206 818 3283 atque
840 3136 961 3279 David:
988 3198 1150 3284 quomodo
1172 3197 1253 3265 boni
1274 3202 1361 3266 etiam

248 3292 344 3369 atque
366 3285 541 3349 eminentes
562 3284 596 3346 in
612 3282 749 3347 ecclesia
763 3282 826 3346 viri
848 3280 986 3347 debeant
1007 3281 1098 3347 malis
1120 3304 1185 3370 quo
1210 3293 1362 3351 uerear

247 3366 337 3431 ribus
358 3366 480 3433 subditi
501 3389 581 3448 esse,
603 3367 697 3431 iuxta
719 3366 804 3453 quod
825 3366 936 3431 David
957 3366 1086 3433 Saulem
1107 3377 1203 3454 pertu
1219 3370 1253 3452 ‘t,
1276 3390 1361 3456 quem

247 3449 399 3516 videlicet
419 3450 663 3515 infestissimum
684 3461 922 3536 persecutorem
944 3473 1038 3516 suum
1053 3472 1135 3514 -cum
1156 3463 1269 3538 posset
1290 3452 1360 3518 occi·

249 3534 334 3618 dere,
350 3531 452 3599 noluit
468 3535 651 3618 occidere³3
674 3535 806 3621 insuper
828 3545 860 3600 et
873 3537 961 3599 viros
976 3556 1062 3616 suos,
1083 3558 1125 3600 ne
1139 3543 1361 3624 consurgerent

249 3619 284 3682 in
313 3641 396 3699 eum,
426 3617 627 3683 sermonibus
650 3619 817 3705 confregit,
840 3628 872 3684 et
893 3618 979 3704 quod
1002 3617 1053 3683 vel
1076 3639 1166 3683 cram
1189 3619 1359 3706 chlamydis

250 3724 327 3767 suae
349 3701 550 3783 abscidisset,
573 3705 740 3788 poenituit.
772 3702 867 3784 Quod
882 3724 958 3768 vero
980 3703 1033 3767 hic
1056 3724 1202 3768 summus
1223 3704 1360 3791 pontifex

250 3795 283 3851 et
310 3786 466 3851 virtutum
494 3786 610 3852 artifex
636 3787 754 3874 legitur
779 3787 986 3874 proposuisse
1016 3796 1049 3852 et
1074 3786 1237 3873 docuisse,
1259 3787 1359 3855 credas

251 3891 361 3934 omnes
391 3879 518 3934 sanctos
547 3883 655 3956 patres
682 3872 804 3957 pariter
832 3882 865 3937 et
890 3871 1006 3936 fecisse
1031 3879 1063 3936 et
1083 3869 1246 3939 docuisse.
1287 3886 1359 3951 Boni,

250 3953 386 4038 inquit⁴,
410 3968 515 4035 subditi,
535 3971 559 4022 si
577 3973 686 4038 quando
701 3989 754 4036 pro
773 3970 924 4036 infirmitate
942 3987 970 4022 se
990 3969 1120 4022 abstinere
1139 3968 1187 4022 oin
1201 3978 1320 4038 possunt,
1337 3974 1360 4018 ut

250 4050 368 4096 extrema
385 4044 518 4108 quaedam
538 4050 616 4110 atque
636 4044 768 4097 celeriora
783 4044 998 4110 praepositorum
1016 4043 1097 4108 mala,
1119 4043 1167 4096 sed
1185 4053 1274 4097 tamen
1285 4039 1358 4095 tumt-

250 4117 310 4167 liter
335 4117 485 4180 loquantur,
509 4117 588 4184 quasi
611 4135 687 4170 oram
712 4118 858 4183 chlamydis
882 4116 989 4169 silenter
1006 4116 1138 4182 incidunt,
1158 4118 1225 4184 quia
1243 4115 1358 4175 uidelicet,

252 4269 279 4335 1)
299 4273 417 4322 Tractat.
438 4273 486 4334 IV,
504 4274 583 4325 Thiel
602 4274 626 4338 1,
652 4292 678 4341 p.
699 4274 761 4326 350.
787 4279 814 4325 at
832 4274 894 4324 351.
1083 4274 1111 4337 2)
1131 4273 1240 4325 Ibidem
1259 4291 1285 4341 p.
1305 4269 1356 4322 568.

250 4345 277 4408 3)
298 4345 339 4398 Of.
359 4346 398 4407 11,
419 4347 443 4398 1,
518 4348 546 4412 4)
567 4348 691 4414 Gregorii
711 4349 801 4414 Opera
819 4348 858 4410 II,
877 4363 903 4412 p.
924 4346 968 4397 39.
