2812 4830
246 369 297 419 DE
317 368 475 420 UNITATE
495 367 699 420 Eccnnslan
721 368 995 419 CONSERVANDA.
1168 371 1184 420 9

66 539 181 600 iurare
209 560 309 622 neque
330 558 395 621 per
424 535 558 617 caelum,
590 558 691 620 neque
711 556 773 618 per
800 545 930 616 terrum,
960 558 1062 620 neque
1091 537 1185 601 aliud

67 621 290 706 quodcumque
310 622 550 700 iuramentum
578 621 620 683 sit
648 630 752 683 autem
774 640 876 683 senno
898 630 1020 683 uerter:
1045 628 1100 700 cst,
1130 630 1184 701 eat,

67 726 144 784 non,
167 727 243 785 non,
267 714 390 768 utnon
413 703 471 767 sub
494 704 616 767 iudicio
633 703 801 768 elucidatio.
833 700 916 765 (lum
938 714 1045 770 autem
1069 703 1185 788 aliquis

66 788 230 869 iuraverit,
261 786 530 852 considerandum
553 795 611 869 est,
632 808 698 850 non
719 784 822 850 solum
845 787 909 867 cui,
931 787 988 852 sed
1010 810 1068 872 per
1090 808 1185 872 quem

64 871 227 953 iuraverit,
250 872 442 937 constrictus
464 871 597 956 perinde
619 870 720 935 divini
741 871 942 935 attestatione
966 872 1118 953 nominis3
1140 881 1186 935 at-

89 976 129 1018 ue
154 957 227 1020 ideo
255 958 312 1042 qui
333 956 547 1020 iuramentum
576 955 814 1040 contempserit,
840 953 930 1019 illum
952 955 1065 1040 procul
1087 955 1185 1020 dubio

65 978 122 1104 des
147 1041 213 1122 icit,
229 1062 288 1124 per
302 1061 398 1125 quem
412 1040 538 1121 iuravit,
560 1038 668 1124 illique
683 1039 832 1101 iniuriam
849 1038 936 1119 facit,
959 1041 1049 1104 cuius
1064 1041 1186 1103 nomini

66 1062 204 1188 credidit
224 1124 438 1204 adversarius,
460 1125 558 1187 immo
581 1145 645 1187 non
666 1125 730 1185 iam
746 1122 958 1205 adversarius,
980 1124 1037 1189 sed
1051 1124 1185 1188 amicus.

65 1207 162 1272 Unde
187 1229 246 1293 per
273 1207 494 1293 supradictum
521 1207 710 1292 prophetam
739 1205 943 1272 Ezechielem
970 1207 1185 1293 comprobans

65 1291 225 1356 Dominus
240 1292 463 1373 iuramentum,
487 1292 572 1376 quod
591 1293 710 1356 fecerat
725 1290 897 1356 Sedechias
920 1293 988 1375 regi
1010 1291 1185 1376 Babylonis

66 1387 98 1441 et
120 1377 246 1440 irritum
267 1377 396 1457 fecerat,
420 1397 514 1439 suum
537 1377 651 1460 magis,
674 1397 771 1460 quam
786 1374 915 1440 alterius
929 1376 1044 1440 fuisse:
1067 1357 1323 1456 Morte-¹³²⁰{l;¹⁷’

65 1469 128 1541 tur,
156 1461 268 1546 inquit,
295 1463 333 1525 in
357 1462 656 1544 praeuaricatione,
687 1483 754 1545 qua
784 1460 932 1544 despexit
959 1483 1016 1524 ane.
1061 1460 1185 1524 Periuri

65 1545 186 1629 quippe
209 1549 353 1628 ‘regnum
377 1545 441 1607 Dei
463 1565 527 1606 non
548 1543 778 1628 possidebunt,
801 1544 885 1608 siout
911 1545 991 1607 dicit
1011 1543 1184 1628 apostolus,
1195 1550 1224 1591 οἵ·
1236 1551 1255 1589 ¹·
1265 1548 1317 1590 ΟΜ·

67 1630 167 1691 immo
190 1651 250 1713 per
270 1627 453 1713 apostolum
475 1629 645 1709 Dominus,
669 1629 724 1712 qui
746 1627 840 1712 plane
862 1628 956 1692 beato
980 1629 1075 1692 Petro
1098 1632 1184 1693 etin
1210 1607 1309 1659 ⁰¹⁹'¹⁰‘

64 1713 151 1797 ipso.
166 1724 296 1777 sanctae
324 1711 479 1777 ecclesiae
508 1711 596 1776 dedit
617 1713 668 1775 ius
688 1711 810 1796 ligandi
833 1721 929 1796 atque
952 1712 1105 1793 solvendi,
1129 1713 1184 1777 sed

64 1795 194 1859 vincula
223 1806 440 1882 peccatorum,
469 1816 534 1859 non
564 1806 599 1861 ut
621 1795 758 1861 solveret
781 1805 980 1859 sacramenta
1002 1797 1185 1860 divinarum

66 1881 309 1964 scripturarum.
354 1881 450 1961 Quod
478 1880 548 2026 ipse
571 1882 666 1944 etiam
690 1879 895 1943 confirmasse
916 1878 1033 1964 legitur
1055 1890 1186 1945 sanctus

65 1964 181 2029 Petrus
212 1967 243 2028 in
271 1964 353 2028 libro
383 1964 424 2029 de
447 1985 483 2028 or
506 1963 668 2028 inatione¹
692 1965 793 2028 sancti
816 1961 999 2044 Clementis,
1023 1964 1080 2028 ubi
1102 1985 1186 2029 com-

67 2048 199 2113 mendat
237 2048 316 2114 haee
353 2048 523 2134 diligenter
565 2047 765 2113 observanda
802 2046 950 2110 omnibus
987 2046 1185 2112 christianis:

74 2145 253 2198 Veruntamen
270 2149 348 2212 illud,
368 2134 528 2218 inquiens,
552 2156 596 2211 est,
616 2148 687 2213 quod
701 2164 771 2212 prae
784 2145 874 2198 cetaria
887 2145 1006 2198 omnibus
1023 2147 1096 2198 vobio
1109 2145 1186 2212 cupio

66 2219 96 2269 in
121 2235 255 2271 commune
280 2223 390 2286 samari,
416 2231 446 2273 ut
471 2220 639 2273 concordiam
664 2219 782 2283 teneatis,
800 2237 853 2286 per
877 2221 947 2285 quod
971 2222 1055 2271 cotum
1076 2219 1186 2285 potestis

64 2300 173 2357 portum
199 2292 292 2358 quictis
316 2294 418 2347 intrare
443 2303 467 2346 et
493 2296 623 2346 ciuitatem
642 2293 721 2362 Regia
741 2293 844 2357 summi,
863 2310 931 2358 quae
945 2311 1005 2358 pax
1023 2294 1185 2344 nominatur.

68 2364 222 2416 Clementem
242 2375 329 2419 autem
348 2369 418 2421 huno
439 2367 588 2434 episcopum
608 2366 680 2418 notis
694 2365 788 2419 ordino
808 2375 832 2416 et
851 2367 943 2417 datam
961 2365 1026 2417 milri
1042 2384 1060 2415 a
1072 2366 1186 2417 Domino

62 2445 221 2504 potestatem
246 2439 351 2508 liqundi
374 2451 398 2494 et
418 2441 535 2493 soluendi
554 2440 641 2504 trado,
667 2449 696 2490 ut
715 2441 748 2491 do
768 2439 887 2491 omnibus
906 2456 1078 2505 quaecunque
1098 2440 1185 2490 deere-

67 2512 135 2562 aera’t
162 2512 191 2562 in
216 2515 292 2564 terris
315 2515 363 2566 hoo
387 2515 520 2566 decretum
545 2512 579 2563 rit
601 2512 630 2564 in
657 2513 744 2564 caelio.
782 2511 891 2579 Ltqaoit
910 2513 979 2563 enim
997 2513 1067 2578 quod
1087 2519 1186 2578 oportet

68 2583 157 2652 lipari,
178 2592 201 2636 et
220 2587 300 2638 soluet
318 2589 389 2654 quod
408 2587 513 2653 expedit
533 2586 629 2650 solata
649 2595 776 2652 tanquam
794 2584 840 2650 qui
859 2587 895 2636 ud
914 2584 1044 2652 liquidum
1064 2584 1186 2637 ecclesiae

66 2668 186 2734 repetam
210 2669 339 2724 ηουεήεθ.
388 2654 486 2733 Ecce,
524 2653 651 2752 qualem
684 2664 813 2718 sanctus
846 2654 960 2717 Petrus
992 2675 1012 2715 a
1043 2653 1185 2716 Domino

66 2743 258 2819 potestatem
274 2740 399 2824 accepit
420 2738 544 2824 ligandr
566 2748 663 2824 atque
685 2735 841 2818 solvendi,
864 2736 959 2801 talem
982 2738 1103 2820 etipse
1125 2744 1186 2799 tra·

67 2818 150 2883 didit
179 2820 247 2883 eius
269 2825 456 2904 successori,
479 2820 602 2886 scilicet
630 2823 664 2885 in
690 2820 750 2902 his,
779 2842 862 2919 quae
889 2829 1014 2906 oportet
1040 2819 1133 2904 ligari
1156 2831 1187 2884 et

67 2924 151 2988 quae
174 2905 307 2988 expedit
324 2906 414 2986 solvi,
436 2927 502 2970 non
523 2914 559 2968 ut
574 2905 676 2969 solvat
698 2905 814 2990 aliquls
834 2907 1026 2991 scripturam
1041 2905 1185 2985 Domini,

66 3007 151 3134 puae
172 3009 236 3051 non
257 2999 364 3075 potest
384 2989 449 3054 ulla
470 2991 588 3053 virtute
612 2988 756 3070 convelli,
779 2994 787 3029 ‘
812 2990 941 3052 uoniam
968 2989 1096 3052 firmum
1117 2988 1348 3052 fun-rumam

90 3080 255 3135 amentum
279 3074 341 3138 Dei
363 3075 444 3156 stat,
466 3075 549 3137 sicut
570 3071 734 3158 apostolus
757 3010 904 3136 afirmat.
947 3073 991 3136 Et
1017 3080 1187 3157 propterea

64 3156 137 3239 ipse
160 3166 286 3221 sanctus
307 3160 423 3222 Petrus
446 3158 486 3221 de
507 3155 625 3221 talibus
647 3157 806 3221 instruens
832 3158 963 3222 beatum
986 3156 1186 3221 Clementem
1242 3161 1245 3165 ’

66 3249 99 3303 et
121 3262 180 3323 per
200 3261 272 3304 eum
293 3264 402 3306 omnes
424 3262 627 3305 successores
651 3263 736 3322 suos,
757 3241 873 3326 repetit
894 3250 926 3306 et
947 3241 1039 3306 dicit:
1066 3255 1116 3320 Tu,
1139 3243 1185 3304 in·

65 3324 190 3408 quienS,
218 3340 246 3383 ut
274 3332 341 3396 aiat,
369 3349 437 3398 quac
466 3338 565 3396 oportet
593 3331 696 3398 liqaba's,
722 3337 746 3384 et
770 3348 839 3396 quac
869 3332 974 3397 capedit
998 3333 1089 3382 solues.
1133 3324 1186 3387 Ex

64 3407 115 3470 his
156 3417 241 3471 certe
279 3409 429 3473 omnibus
466 3407 672 3472 manifestum
709 3416 771 3486 est,
809 3408 1030 3493 supradictum
1066 3427 1185 3493 papam

63 3490 323 3555 Hildebrandum
345 3493 461 3557 iniuste
497 3493 618 3578 pariter
653 3501 685 3556 et
716 3491 784 3555 indi
807 3514 847 3555 ne
879 3493 1071 3577 imposuisse
1102 3494 1185 3558 hanc

63 3584 176 3638 notam
204 3575 255 3640 vel
276 3575 451 3641 Zachariae
478 3575 530 3641 vel
553 3575 727 3662 Stephano,
758 3513 917 3659 religiosis
944 3578 1054 3662 utique
1106 3579 1186 3642 onti-

63 3657 182 3722 ficibus
211 3660 375 3724 Romanae
402 3659 567 3740 ecclesiae,
596 3668 633 3724 ut
659 3658 796 3724 alicuius
823 3661 937 3724 horum
963 3599 1112 3746 exempli>
1133 3660 1185 3724 vel

63 3741 163 3806 ullius
186 3742 304 3807 Sacrae
327 3745 513 3831 Scripturae
535 3744 717 3808 testimonio
739 3753 849 3829 posset
870 3743 1035 3810 absolvere
1060 3768 1080 3809 a
1102 3746 1184 3809 iura-

64 3837 185 3910 mento,
223 3848 264 3890 uo
279 3826 376 3893 fidem
392 3831 575 3892 iuraverant
589 3830 659 3912 regi
674 3849 742 3909 suo,
753 3825 804 3891 vel
819 3829 982 3914 principes
1000 3827 1052 3893 vel
1067 3827 1183 3893 milites

63 3912 113 3975 rei
142 3849 300 3996 publicae.
348 3912 414 3985 Qut
442 3915 528 3977 enirn
556 3912 651 3976 soluit
672 3922 819 3997 pactum,
850 3913 1003 3998 nunquid
1032 3898 1329 3999 ffuqiet?³}}⁰¹}·9fl'

66 4101 94 4161 1)
121 4101 245 4166 Epistula
272 4103 418 4155 Clementis
444 4104 478 4153 ad
505 4103 644 4166 Iacobum,
671 4119 703 4153 ex
730 4101 820 4154 Rufini
847 4105 1066 4170 interpretatione
1094 4120 1117 4155 c.
1140 4103 1181 4154 13.
1261 4110 1265 4117 '

65 4172 200 4224 collectio
238 4180 344 4241 patrum
381 4176 588 4244 apostolicorum
628 4175 700 4225 edid.
734 4175 898 4238 cotelerius,
936 4176 1070 4242 Antwerp.
1106 4176 1184 4228 1698.

63 4247 94 4369 Ξ)
112 4247 236 4367 2Graece:
258 4243 335 4317 θήσει
346 4245 396 4320 γὰρ
413 4240 428 4301 ’ὁ
446 4247 488 4301 δεῖ
501 4244 624 4317 δεθῆναι,
643 4248 687 4300 aut
704 4241 779 4299 tosa
798 4239 813 4299 ‘d
834 4246 876 4300 δεῖ
894 4245 1018 4316 λυθῆναι.
1083 4251 1111 4313 3)
1131 4250 1148 4300 l.
1160 4265 1183 4300 c.
