2812 4830
229 380 280 431 128
409 380 460 431 DE
480 378 640 430 UNITATE
659 377 864 429 sochuslsu
885 377 1165 430 CONSERVANDA.

227 570 337 612 omnes
361 548 484 695 {speeies
505 547 669 611 virtutum.
703 545 767 610 Sed
790 544 862 631 plus
886 568 982 633 quam
1005 545 1211 631 euangelium
1227 545 1334 611 Christi

227 642 259 697 et
286 653 361 695 man
385 641 474 695 atum
504 631 566 694 Dei
588 630 695 694 valent
723 631 757 693 in
786 631 987 697 monasteriis
1010 631 1077 694 suis
1099 631 1336 696 eonsuetudines

227 737 348 797 eorum,
372 737 453 801 quae
476 727 549 779 sunt
569 714 720 779 mandata
738 713 914 779 hominum.
947 714 1033 778 Hinc
1049 715 1147 780 etiam
1163 713 1335 800 Cyprianus

226 800 396 886 episcopus
418 802 452 863 in
473 799 555 863 libro
577 798 617 862 de
639 800 760 863 unitate
784 797 958 863 catholicae
981 797 1172 863 ecelesiae¹:
1203 813 1276 876 Filii,
1297 801 1336 862 in-

227 885 305 971 quit,
326 898 427 962 Aaron,
454 898 500 963 qui
524 896 706 962 imposuerunt
731 898 813 948 altari
837 898 924 964 ipnem
949 897 1075 961 alienum,
1095 914 1172 963 quesn
1193 912 1249 946 non
1262 914 1335 962 prae-

67 987 216 1041 laentum.
226 980 331 1040 ceperat
354 972 437 1034 Deus,
467 970 497 1022 in
526 979 664 1037 conspectu
692 969 784 1021 statim
811 969 922 1021 Domini
950 969 1111 1022 vindicantis
1143 969 1253 1021 extincti
1275 978 1336 1024 sunt.

228 1047 299 1110 Quos
323 1043 462 1097 imitantur
487 1042 584 1096 scilicet
613 1050 691 1109 atque
710 1051 852 1105 sectantur,
877 1042 932 1110 qui,
952 1042 1006 1094 Dei
1025 1044 1168 1095 traditione
1188 1050 1335 1110 contempto,

226 1121 329 1172 alienas
348 1119 482 1170 doctrinas
502 1125 631 1183 appetunt
650 1125 674 1169 et
692 1116 847 1183 mapisteria
865 1117 998 1168 laumamoe
1013 1115 1187 1168 institutionis
1205 1115 1335 1169 inducunt.

229 1193 298 1257 Quos
323 1192 444 1258 increpat
469 1191 600 1242 Dominus
620 1198 643 1241 et
669 1191 791 1256 abiar-pat
809 1191 838 1242 in
858 1190 996 1256 euanqelic
1015 1207 1071 1254 suo,
1092 1188 1197 1241 dicens:
1227 1189 1334 1241 ‘neam

65 1276 384 1348 u2r0,r‚0,1a,mandatum
407 1272 468 1337 Dei,
494 1279 523 1324 ut
548 1270 716 1325 traditionem
734 1280 848 1324 uestram
867 1269 1008 1323 statuatis’.
1046 1271 1136 1336 Peius,
1160 1257 1274 1342 lnquit,
1296 1273 1334 1324 ltoc

225 1350 323 1402 emman
348 1356 394 1410 est,
419 1364 499 1413 quam
524 1347 596 1413 quod
621 1344 760 1397 admisisse
784 1346 856 1411 tapsi
880 1345 1012 1407 sidentur,
1032 1346 1079 1410 qui
1097 1354 1187 1398 tamen
1205 1347 1235 1397 in
1250 1345 1335 1412 paeni·

225 1423 308 1475 tentia
333 1420 449 1472 criminis
474 1418 606 1471 constituti
624 1418 768 1470 Dominum
788 1418 878 1485 plenis
904 1417 1131 1484 satisfactionibus
1157 1421 1334 1485 deprecantur.

225 1497 278 1547 Hic
290 1495 399 1547 ecclesia
418 1493 556 1559 quaeritur
575 1502 598 1544 et
616 1498 735 1560 cupatur,
755 1491 810 1544 illic
829 1490 937 1545 eecksia
955 1491 1160 1558 tocpuynamrs.
1188 1493 1246 1544 Hic
1259 1499 1335 1559 potest

224 1569 366 1620 necessitas
383 1567 482 1632 fuisse,
507 1566 561 1617 illic
585 1567 707 1617 voluntas
732 1573 834 1618 tenetur
857 1564 1008 1617 inscelere.
1046 1565 1100 1616 Hic
1118 1566 1166 1631 qui
1191 1567 1285 1632 tapsus
1306 1573 1335 1618 cst

226 1641 276 1694 sibi
304 1648 406 1692 tantum
434 1637 536 1701 nocuit,
568 1639 625 1691 illic
654 1640 700 1705 qui
727 1639 829 1691 dereses
859 1648 884 1691 et
909 1636 1033 1690 scismata
1051 1638 1148 1704 faeere
1171 1647 1282 1692 conatus
1305 1644 1336 1691 est

225 1717 319 1766 multas
335 1730 421 1764 seeum
440 1713 570 1764 tradendo
583 1712 690 1779 decepit.
716 1713 770 1764 Hic
786 1714 891 1764 animae
903 1712 984 1763 unius
997 1718 1034 1763 est
1049 1711 1186 1776 damnum,
1207 1712 1263 1765 illic
1272 1713 1336 1779 peri·

226 1789 314 1840 culum
327 1785 513 1853 plurimorum.
543 1785 616 1838 Certe
627 1781 761 1852 peccansb
775 1784 818 1838 laic
837 1793 861 1838 et
873 1785 994 1852 intellipit
1012 1790 1036 1835 et
1049 1785 1211 1836 lamentatur
1231 1795 1256 1838 et
1264 1788 1336 1852 plan·

225 1861 271 1930 9it,
290 1863 334 1913 ille
354 1871 454 1912 tumens
473 1858 503 1911 in
517 1867 627 1925 peccato
646 1876 693 1910 suo
713 1865 737 1910 et
754 1860 783 1909 in
801 1859 868 1926 ipsis
895 1857 945 1910 sibi
969 1857 1070 1910 delictis
1084 1859 1196 1924 placens
1221 1878 1240 1910 a
1261 1866 1337 1911 manc

217 1934 291 2002 filios
316 1941 443 2002 seprepat‚
469 1950 529 1984 oues
555 1951 573 1984 a
591 1941 702 1999 pastore
725 1931 857 1997 sollicitat,
883 1931 937 1984 Dei
961 1937 1128 1983 sacramenta
1153 1933 1295 1997 disturbat,
1316 1939 1336 1984 et

225 2035 284 2069 eum
296 2018 388 2082 lapsus
401 2017 479 2067 semel
486 2014 645 2082 peccaverit,
659 2015 703 2066 illc
717 2015 812 2068 cotidie
822 2023 923 2080 peceat.
949 1999 1040 2063 Haec
1056 2008 1132 2063 sunt
1141 2000 1245 2064 verba
1259 2001 1336 2064 beati

225 2083 380 2170 Cypriani
396 2082 435 2146 de
450 2080 625 2147 cultoribus
643 2083 802 2146 humanae
818 2082 1008 2164 traditionis,
1020 2104 1158 2170 quorum
1170 2093 1333 2149 eonsuetu-

225 2169 315 2233 dines
339 2167 483 2231 diversae
513 2166 642 2253 quidem
671 2179 745 2230 sunt
772 2167 805 2230 in
828 2165 961 2231 diversis
989 2165 1078 2248 locis,
1107 2166 1166 2232 sed
1188 2166 1335 2255 quiequid

225 2253 386 2318 diversum
402 2261 459 2333 est,
475 2249 536 2314 hoc
550 2252 660 2336 utique
675 2273 786 2315 verum
802 2272 867 2314 non
882 2261 945 2332 est3
961 2261 1010 2315 est
1023 2252 1108 2316 enim
1123 2252 1217 2316 Deus
1233 2274 1335 2332 verax,

226 2337 329 2401 omnis
351 2344 459 2399 autem
481 2333 575 2398 homo
591 2335 739 2404 mendax.
774 2335 877 2420 Igitur
898 2333 983 2399 utilis
1005 2346 1053 2400 est
1068 2335 1250 2422 Scriptura,
1272 2358 1336 2400 cum

226 2422 347 2505 absque
363 2419 458 2482 Patre
480 2440 544 2481 non
559 2419 727 2502 profertur,
750 2441 823 2482 oum
840 2418 962 2505 absque
977 2418 1104 2484 Christo
1126 2441 1192 2484 non
1217 2421 1333 2501 dicitur,

228 2526 301 2567 eum
318 2503 385 2566 sine
398 2501 522 2586 Spiritu
539 2513 649 2567 saneto
661 2525 726 2566 non
737 2513 933 2583 assumatur3
945 2501 1076 2590 alioqui,
1089 2506 1174 2568 sicut
1186 2505 1336 2590 Hierony-

118 2587 385 2666 L¹¹⁰·112musait2,
397 2584 543 2649 diabolus
556 2595 613 2665 est,
627 2588 681 2672 qui
693 2587 733 2651 de
745 2588 910 2672 seripturis
921 2587 1071 2674 loquitur.
1097 2587 1179 2654 Cum
1191 2593 1277 2655 enim
1286 2592 1337 2654 im·

121 2650 216 2693 ²4⁴⁶·
226 2671 370 2735 arundus
378 2672 517 2755 spiritus
526 2673 642 2735 exierit
654 2671 693 2734 ab
702 2672 840 2753 domine,
848 2671 970 2736 seilicet
977 2682 1120 2757 tempore
1130 2672 1336 2760 baptismatis,

228 2753 373 2819 ambulat
385 2777 451 2838 per
468 2753 726 2839 locainaquosa,
743 2754 914 2842 explorans
928 2758 998 2840 ipse
1016 2754 1151 2820 callidus
1167 2758 1336 2837 insidiator,

228 2839 255 2903 si
268 2860 347 2924 quos
362 2859 437 2901 suae
452 2836 591 2904 malitiae
604 2861 734 2924 gressus
749 2839 848 2924 figere
863 2841 964 2925 possit
977 2842 1012 2904 in
1026 2840 1180 2906 cordibus
1194 2841 1337 2921 fidelium,

228 2944 310 3010 quae
331 2923 396 2986 iam
418 2934 599 3008 expurgata
620 2932 694 2987 sunt
713 2946 733 2987 a
754 2923 887 2987 mollitie
908 2923 1016 2989 fluxae
1032 2925 1247 3009 cogitationis.
1281 2924 1338 2991 Sed

228 3030 386 3094 quaerens
400 3010 541 3094 requiem
557 3017 586 3072 et
601 3031 668 3073 non
682 3010 853 3073 inveniens
868 3009 902 3071 in
913 3009 1075 3074 mentibus
1086 3009 1234 3074 fidelium
1246 3009 1338 3074 muni·

226 3093 268 3156 tis
289 3091 432 3177 undique
453 3114 495 3156 ex
510 3091 669 3156 mandatis
684 3088 826 3173 Domini,
847 3096 1020 3175 revertar,
1045 3095 1124 3175 ait0,
1146 3097 1195 3158 ‘in
1219 3097 1338 3160 donum

226 3200 327 3241 meam
343 3177 431 3240 aride
447 3179 554 3242 eaeioi'.
576 3178 620 3240 Et
632 3200 703 3242 cum
713 3180 845 3259 uenerit,
861 3180 986 3242 inuenit
1001 3201 1071 3242 eom
1082 3181 1193 3263 scopis
1206 3179 1338 3244 munda·

227 3271 303 3343 tam,
318 3261 422 3345 gratia
436 3260 559 3325 seilicet
573 3260 776 3347 baptismatis
798 3270 1037 3347 speceatorum
1058 3261 1130 3327 labe
1146 3264 1340 3349 castigatam,

227 3344 284 3409 sed
305 3343 393 3407 nulla
408 3344 484 3409 boni
506 3345 613 3431 operis
634 3344 791 3409 industris
813 3345 1017 3427 cumulatam,
1040 3346 1124 3431 quia,
1148 3345 1206 3410 ubi
1221 3370 1286 3411 non
1300 3354 1340 3411 est

226 3429 357 3510 iustitia,
378 3429 423 3493 ibi
438 3450 504 3492 non
518 3437 567 3492 est
580 3430 681 3492 virtus
696 3428 813 3515 aliqua.
847 3429 952 3508 Quam
971 3428 1102 3493 domum
1119 3431 1217 3494 etiam
1232 3451 1340 3495 vacan-

226 3524 292 3578 tem
306 3514 438 3593 invenit,
453 3533 473 3574 a
486 3511 580 3575 bonis
595 3509 716 3577 scilieet
730 3513 857 3578 actibus
871 3535 930 3598 per
941 3512 1180 3599 negligentiam,
1197 3525 1339 3579 ornatam

227 3604 334 3661 autem
364 3595 521 3660 simulatis
549 3595 721 3660 virtutibus
749 3619 809 3684 per
829 3596 1025 3682 hypocrisin,
1052 3606 1084 3662 et
1104 3608 1184 3663 tunc
1206 3600 1299 3664 uadit
1316 3605 1340 3660 et

228 3684 364 3744 assumit
385 3691 502 3763 septem
517 3680 600 3745 alios
621 3682 761 3765 spiritus
783 3686 954 3766 nequiores
973 3705 1015 3763 ss,
1039 3692 1068 3745 et
1087 3685 1234 3781 inpressi
1255 3682 1337 3747 dalri-

227 3774 300 3827 tant
321 3764 377 3829 ibi.
410 3765 472 3827 Per
487 3775 609 3849 septem
631 3762 731 3827 malos
753 3765 884 3851 spiritus
906 3766 1058 3829 universa
1079 3767 1157 3829 vitra
1179 3767 1338 3853 designau-

227 3856 289 3926 tur,
322 3846 460 3932 ideoque
492 3858 578 3913 recte
614 3849 784 3933 nequiores
819 3859 896 3913 tunc
930 3871 1004 3913 eum
1040 3851 1183 3937 ingressi
1216 3853 1338 3936 spiritus

229 3929 394 4011 dicuntur,
427 3932 501 4016 quia
528 3955 592 3996 non
620 3931 723 3996 solum
750 3931 805 3996 illa
832 3942 955 4018 septem
976 3934 1072 4016 vitia,
1113 3956 1196 4020 quae
1226 3945 1337 4021 septem

229 4111 252 4164 s)
268 4116 411 4162 repugnatur
427 4113 487 4164 prr.
547 4113 571 4168 b)
587 4125 696 4166 peccasse
711 4126 736 4155 ss
753 4117 817 4166 σιμ.
878 4112 900 4167 e)
916 4115 972 4154 deest
989 4118 1016 4164 1,·
1032 4114 1123 4158 detorti.
1139 4116 1231 4157 addidit.

230 4271 258 4338 l)
288 4271 416 4340 cypriani
441 4276 530 4341 Opera
554 4294 583 4343 p.
607 4275 670 4325 227.
764 4276 793 4341 2)
822 4276 934 4326 Hieron.
961 4276 1035 4327 Disl.
1061 4275 1124 4328 adv.
1149 4275 1335 4332 Luciferunon

229 4346 318 4412 Opera
337 4346 376 4410 II,
395 4365 421 4415 p.
438 4349 502 4399 202.
