2812 4830
256 348 306 399 Du
326 350 483 402 UNITATE
502 349 708 402 uccnuslnu
729 349 1001 403 CONSERVANDA.
1132 351 1183 400 121

69 517 220 584 dunensis
242 519 426 583 constitutio
449 516 576 604 synodi,
597 517 717 616 detque
737 527 866 583 sanctus
886 538 971 604 papa
987 517 1183 604 Gregorius¹

68 603 115 666 sic
137 600 250 666 scribit
271 603 353 668 inter
375 613 482 668 cetera
504 599 688 667 Secundrno
711 623 803 667 servo
818 602 882 666 Dei
903 600 1040 666 incluso:
1064 617 1186 671 utente

68 691 200 758 accipiens
220 691 366 745 dilectionis
386 702 448 744 tuae
466 693 574 759 scripta,
594 691 690 757 quibus
707 691 809 758 roqasti
826 708 866 744 me
879 691 994 744 libellum
1008 690 1186 744 enaratorium

68 765 114 818 tibi
138 767 260 828 scribere,
287 767 415 831 desqdero
442 775 466 818 te
491 774 590 818 certum
615 781 678 829 esse,
704 764 769 830 quia
796 782 882 816 amnes
903 765 1025 817 ecelesiae
1044 766 1186 818 orientales

67 857 122 891 uno
141 856 230 902 sensu,
250 857 307 890 una
325 839 448 892 doctrina
466 847 586 890 sanctam
600 837 837 890 Chalcedonensem
849 840 979 905 synodum
999 840 1038 889 ita
1052 837 1186 890 nobiseum

66 913 220 965 custodiunt
239 919 317 978 atque
336 920 505 976 uenerantur,
525 920 554 962 ut
578 911 668 962 nullus
692 912 851 977 reperiatur,
875 912 922 978 qui
945 913 1062 964 eiusdem
1091 912 1187 978 spnodi

67 996 193 1062 defensor
217 1002 378 1061 sectatorque
402 1013 456 1047 non
472 993 569 1062 fuerit.
612 993 686 1045 Unde
710 1010 814 1046 neeesse
838 1001 884 1058 est,
904 979 1017 1065 inquit,
1039 1000 1068 1044 ut
1087 993 1186 1045 dulcis-

66 1066 136 1121 sima
162 1067 266 1120 dileetio
292 1075 340 1119 tua
367 1069 403 1119 ad
428 1069 465 1133 id,
489 1068 560 1135 quad
575 1067 721 1133 praecipue
746 1069 776 1118 in
795 1066 868 1118 bonis
887 1070 1003 1120 moribus
1021 1066 1095 1130 uiuit,
1115 1066 1186 1134 quod

67 1158 94 1194 se
112 1159 163 1208 per
179 1140 364 1193 abstinentiam
385 1142 488 1210 eq'flipit,
508 1140 579 1207 quod
597 1140 733 1192 doetrinae
745 1140 799 1191 Dei
817 1141 992 1194 uehementius
1012 1139 1119 1203 insistit,
1139 1140 1187 1191 boc

67 1215 215 1267 studiosius
235 1215 335 1281 coqitet,
354 1232 387 1266 ne
406 1232 520 1266 errarem
539 1214 745 1266 scismatieorum
763 1229 873 1279 sequens
893 1233 910 1264 a
928 1225 1023 1266 sancta
1038 1212 1188 1264 uniuersali

68 1287 179 1341 ecclesia
192 1287 279 1354 possit
298 1289 387 1341 diuisa
405 1287 528 1340 inveniri.
557 1287 593 1338 Et
609 1287 674 1352 quid
693 1293 729 1339 tot
747 1287 849 1338 labores
864 1289 1022 1354 proderrmt,
1042 1288 1066 1339 si
1084 1288 1112 1337 in
1125 1287 1186 1337 uui·

68 1369 122 1413 tate
134 1361 204 1428 fidei
228 1379 282 1413 non
294 1363 402 1425 suerint
426 1360 536 1425 inuenti,
562 1377 630 1425 qaae
651 1369 711 1412 ante
731 1360 914 1426 omnipotentis
932 1362 1092 1414 Deiooulas
1113 1360 1187 1411 bonis

67 1436 192 1502 operibus
219 1435 336 1486 animam
359 1436 507 1502 praecipue
536 1433 667 1485 custodit?
704 1433 775 1485 Hinc
806 1433 875 1486 enim
903 1436 1017 1486 dicitur.-
1050 1434 1123 1484 ‘Una
1151 1439 1187 1485 est
1198 1437 1265 1480 cant.
1274 1438 1296 1490 6,
1304 1438 1326 1481 8.

67 1518 191 1570 columba
209 1535 276 1580 mea,
292 1518 414 1584 perfecta
432 1515 507 1569 mea'.
550 1501 670 1566 Contra
691 1501 771 1566 haee
798 1512 895 1588 atque
919 1503 983 1567 alia
1004 1511 1186 1566 sanctorum

69 1607 230 1650 canonum
248 1595 367 1650 statuta
384 1583 472 1649 aliud
488 1583 610 1670 aliquid
629 1608 725 1670 agore
747 1586 809 1650 hoc
831 1597 880 1652 est
900 1586 1036 1652 heresim
1060 1584 1187 1670 eligere,

68 1671 161 1734 cuius
194 1679 307 1734 auctor
343 1669 440 1733 simul
472 1678 504 1733 et
539 1671 794 1735 communicator
829 1671 999 1756 principali
1032 1671 1189 1735 sententia

68 1754 285 1819 damnationis
308 1763 356 1817 est
378 1755 490 1840 utiquc
505 1753 687 1836 obstrictae,
708 1755 800 1817 iuxta
822 1755 908 1839 quod
931 1754 1043 1821 scribit
1059 1766 1188 1819 sanctus

67 1859 155 1923 papa
177 1837 368 1903 Gelasius²t
392 1853 455 1916 Hie,
475 1838 590 1922 inquit,
620 1854 644 1904 si
669 1851 830 1904 examinatio
854 1855 1001 1919 quaeritur,
1027 1855 1051 1904 si
1074 1854 1188 1904 auetori-

67 1929 131 1979 tatis
152 1928 264 1994 pandus
288 1926 434 1992 inquiritur
453 1925 671 1978 Chalcedonensis
691 1925 795 1992 spnorli,
820 1934 908 1978 tenore
927 1928 999 1978 illius
1019 1925 1187 1992 diffinitionis

68 2001 185 2054 executio
205 2001 344 2067 reperitur,
364 2017 415 2066 quo
435 2001 556 2051 damnati
574 2000 628 2052 illic
648 2000 745 2051 erroris
764 1999 968 2051 communicator
986 2001 1090 2065 effectus
1105 2017 1187 2065 prae·

60 2075 139 2140 fissae
169 2074 343 2126 nibilominus
373 2074 510 2140 particeps
535 2072 715 2125 damnationis
747 2073 864 2137 existitfl,
888 2075 1014 2139 quoniam
1039 2072 1108 2124 idem
1131 2071 1188 2138 ipse

71 2165 155 2212 error,
184 2149 230 2214 qui
257 2149 335 2199 semel
359 2156 395 2198 est
421 2165 479 2198 cum
503 2163 550 2199 suo
578 2153 683 2198 auctore
708 2147 860 2209 damnatus,
879 2148 907 2197 in
926 2147 1055 2212 participe
1075 2146 1188 2211 quolibet

63 2239 172 2288 manae
185 2219 372 2273 communionis
385 2223 472 2286 effecto
490 2231 513 2272 et
527 2221 717 2272 euecrationem
729 2220 772 2270 sui
783 2227 868 2286 qestat
881 2229 905 2270 et
912 2237 1038 2286 poenam.
1066 2218 1187 2280 Quibus³

69 2308 254 2354 conuenienter
267 2320 299 2354 eu
307 2311 426 2370 paterna
439 2303 581 2355 traditione
590 2303 738 2368 perpensis,
754 2302 839 2369 quid⁴
852 2301 1013 2368 ambaqibus,
1030 2287 1143 2372 inquit,
1164 2310 1187 2354 et

67 2377 172 2428 nebulis
195 2377 250 2428 ista
270 2385 441 2442 praetercunt,
466 2383 494 2427 ut
519 2375 711 2442 impudentiam
729 2392 806 2427 suom
824 2384 984 2441 mentemque
1003 2393 1128 2428 vesanam
1146 2375 1187 2426 in·

68 2450 165 2500 mribus
180 2451 271 2516 potius
282 2451 390 2516 fabulis
404 2451 489 2501 celare
502 2450 614 2503 letaliter
632 2466 711 2515 quom
725 2450 866 2516 prodendo
885 2450 1077 2502 medicinaliter
1089 2466 1188 2500 sanare

67 2531 247 2582 metendam?
289 2517 383 2583 Sicut
410 2520 505 2600 enim,
534 2517 693 2604 inquiunt,
722 2528 854 2583 sanctus
870 2527 971 2603 pater·
991 2519 1188 2582 Benedictus

68 2599 200 2664 audiuit
223 2623 244 2664 a
260 2602 389 2667 diabolo
406 2601 592 2668 ‘maledicte'
607 2611 636 2666 et
650 2624 717 2665 uon
732 2602 912 2667 ‘benedicte'
927 2602 1051 2667 necilli
1065 2603 1186 2681 nocuit,

67 2685 118 2748 ita
147 2692 176 2746 et
197 2685 248 2749 bis
277 2687 432 2772 Wiqberti
452 2710 519 2751 uon
542 2686 666 2750 nocebit
686 2686 880 2752 maledictio.
916 2685 1044 2751 Veritas
1067 2687 1187 2773 quippe

66 2766 210 2852 loquitur
236 2770 271 2832 in
299 2769 466 2856 euangelio
495 2771 535 2835 de
557 2767 702 2832 diabalo:
735 2771 807 2852 Ille,
836 2770 993 2856 inquiens,
1022 2772 1187 2835 homicida
1197 2786 1247 2828 1011·
1256 2787 1278 2838 8,
1286 2786 1321 2828 4⁴·

67 2861 141 2916 erat
163 2853 202 2916 ab
224 2856 321 2919 initio
344 2859 429 2919 etin
451 2858 585 2918 ueritate
606 2876 673 2916 non
695 2856 788 2935 stetit,
813 2855 893 2940 quia
907 2859 1030 2920 ueritas
1053 2878 1120 2920 non
1143 2865 1188 2918 est

66 2938 105 3000 in
121 2958 167 3001 eo.
196 2935 280 3017 Qui⁵
296 2938 420 3004 seilicet
433 2937 546 3003 videns
560 2935 648 3001 idola
670 2935 822 3002 derelicta
845 2946 877 3001 et
897 2960 956 3023 per
970 2939 1106 3002 nimium
1122 2959 1187 3002 cre-

67 3020 213 3085 dentium
236 3022 391 3108 populum
413 3022 505 3086 sedes
528 3044 602 3086 suas
624 3041 663 3085 ac
684 3020 805 3107 templa
828 3021 961 3102 deserta,
992 3023 1188 3106 excogitavit

66 3126 186 3169 novam
212 3105 369 3189 fraudem,
400 3116 436 3171 ut
458 3105 519 3170 sub
542 3107 613 3205 ipso
636 3104 802 3169 christiani
824 3105 962 3169 nominis
984 3104 1077 3170 titulo
1099 3104 1188 3169 fallat

66 3190 232 3271 incautos,
254 3193 444 3277 heresesque
458 3193 581 3256 invenit
603 3199 634 3254 et
649 3190 808 3272 scismata,
831 3189 949 3276 quibus
965 3190 1187 3255 subverteretl’

66 3272 183 3356 fidem,
220 3285 438 3361 corrumperet
472 3277 649 3355 veritatem,
687 3274 847 3339 scinderet
881 3274 1046 3339 unitatem.
1096 3273 1187 3354 Quas

68 3357 212 3423 detinere
239 3381 304 3423 non
332 3369 438 3446 potest
466 3362 500 3424 in
521 3361 593 3423 viae
621 3359 738 3424 veteris
766 3359 929 3439 caecitate,
953 3357 1187 3422 circumscribit

66 3444 144 3506 novi
165 3443 289 3508 itineris
311 3466 428 3526 errare,
450 3445 535 3530 rapit
557 3444 597 3509 de
618 3444 690 3543 ipsa
712 3443 847 3507 ecclesia
868 3442 1028 3523 homines3
1056 3450 1088 3505 et
1109 3442 1186 3505 dum

67 3526 131 3590 sibi
146 3530 425 3614 appropinquasse
446 3529 510 3592 iam
526 3527 640 3592 lumim
658 3536 755 3613 atque
770 3528 910 3593 evasisse
925 3525 1045 3590 saeculi
1059 3536 1186 3591 noctem

67 3609 230 3694 videntur,
252 3611 331 3677 alias
353 3612 570 3678 nescientibus
591 3612 740 3677 tenebras
760 3611 909 3694 infundit,
937 3621 974 3675 ut
995 3632 1068 3674 cum
1090 3632 1186 3674 euan-

67 3693 153 3780 gelio
176 3706 227 3761 et⁰
246 3697 468 3763 observatione
486 3699 555 3762 eius
578 3708 609 3762 ct
629 3695 700 3781 lege
717 3717 782 3761 nan
804 3705 923 3762 stantes
939 3694 1128 3759 christianas
1151 3717 1185 3759 se

66 3790 188 3844 vocent
213 3791 245 3846 et
273 3780 476 3847 ambulantes
504 3782 539 3844 in
567 3779 708 3847 tenebris
736 3779 855 3846 habere
883 3803 917 3846 se
944 3779 1053 3844 lumen
1078 3778 1185 3844 existi-

67 3873 167 3946 ment,
195 3864 379 3932 blandiente
405 3866 589 3931 adversario
618 3876 715 3952 atquc
747 3864 886 3947 fallente,
919 3865 975 3950 qui
1008 3862 1184 3927 secundum
1218 3923 1264 3966 20

66 3947 206 4033 apostoli
228 3972 341 4015 vocem
363 3951 584 4037 transjipurat
606 3973 638 4014 se
659 3948 745 4013 uelut
767 3948 918 4035 anqelum
940 3949 1023 4013 lucis
1044 3957 1073 4011 et
1087 3950 1183 4012 mini·
1196 3935 1321 4036 usu‘f'sq·

68 4043 153 4098 stros
186 4035 344 4100 subornat
379 4058 455 4100 suos
490 4033 576 4099 uelut
607 4036 773 4098 ministros
807 4035 970 4114 iustitiae,
1006 4039 1185 4096 asserentes

50 4169 90 4224 1α)
107 4171 218 4212 existeret
233 4170 277 4210 Get.
337 4169 362 4222 b)
378 4171 557 4212 subvertertsrst
573 4171 593 4210 1.
655 4167 676 4219 c)
693 4180 745 4210 eum
762 4169 812 4210 aaa.
830 4168 892 4218 cypr.

70 4267 97 4333 1)
125 4266 250 4332 Gregorii
272 4266 412 4333 Epistulae
440 4267 489 4329 IX,
511 4267 576 4330 1473
606 4267 681 4316 cuius
705 4266 788 4316 verba
813 4270 903 4315 noster
921 4262 1001 4314 valdo
1025 4263 1185 4314 immutavit.

69 4338 98 4408 2)
118 4340 198 4391 Thiel
216 4357 244 4406 p.
264 4339 326 4392 398.
346 4341 409 4392 399.
484 4341 512 4405 3)
531 4339 603 4390 Ibid.
622 4356 648 4406 p.
665 4338 727 4392 395.
792 4336 822 4404 l)
841 4337 913 4388 Ibid.
933 4355 959 4404 p.
976 4336 1044 4388 425.
1106 4337 1133 4397 b)
1152 4337 1186 4387 In

70 4414 247 4480 sequentibus
266 4419 360 4465 auctor
380 4413 552 4481 Cyprianum,
571 4414 660 4480 Opera
682 4430 709 4480 p.
729 4412 791 4464 211.
812 4411 874 4476 212,
894 4412 1023 4477 sequitur.
