2812 4830
246 395 296 445 DE
315 395 475 446 UNITATE
498 395 703 448 ECOLESIAE
724 397 999 452 OONSERVANDA.
1148 403 1182 452 33

56 567 91 629 in
113 567 248 629 veritate
269 584 335 627 non
357 565 489 647 steterit,
512 587 553 630 ex
574 565 646 650 ipso
670 573 727 646 est,
751 567 806 652 qui
827 567 1030 633 mendacium
1058 571 1181 655 primus

58 651 182 734 genuit,
228 648 358 712 uoniam
381 670 475 713 omne
497 649 699 712 mendacium
723 672 765 714 ex
780 652 915 716 veritate
937 662 1076 734 nonest,
1100 655 1183 719 sicut

58 740 187 797 sanctus
202 671 361 796 iohannes
382 734 436 797 ait.
469 731 590 814 Filioli,
612 735 727 818 inquit,
749 758 840 799 nemo
863 760 918 801 roa
941 738 1083 803 seducat.
1117 737 1343 823 Quicunque.

48 817 144 902 facit
171 818 344 897 iustitium,
373 820 480 881 iustus
511 827 565 899 eat,
594 819 679 881 sicut
710 828 738 881 et
759 820 848 884 Deua
878 821 985 885 iustus
1015 832 1069 886 est.
1117 821 1183 896 Qui

46 901 143 986 facit
163 911 342 985 peccatum,
366 923 405 966 eoo
429 902 560 966 diodoto
583 911 638 980 est,
662 904 819 986 quonium
850 903 889 967 ob
912 907 1008 969 iuitio
1030 907 1182 971 diodotus

52 994 180 1071 peccat.
225 986 267 1049 Iu
290 986 349 1049 hoc
372 994 487 1066 auteur,
510 985 623 1070 inquit,
646 989 809 1070 apparuit
829 988 925 1069 filius
948 990 1022 1071 Dei,
1053 999 1088 1052 ut
1117 992 1182 1054 dia-

58 1069 165 1135 solvat
194 1091 296 1153 opero
325 1069 458 1133 dioboli.
504 1068 596 1148 Quae
626 1068 748 1154 opera?
790 1071 937 1135 Peccata.
981 1073 1067 1137 Ecce
1100 1096 1182 1172 quae

57 1162 91 1217 et
113 1153 205 1216 cuius
227 1174 325 1253 opera
346 1151 431 1215 filius
454 1152 518 1217 Dei
539 1153 626 1218 venit
654 1151 843 1219 dissolvere:
875 1156 994 1238 Nolite,
1024 1159 1342 1242 inqu1ens,Matth·s‚1r

51 1246 190 1322 putore,
220 1260 299 1322 quau
326 1240 401 1301 oeni
429 1236 549 1302 soioere
577 1237 677 1323 leqem
707 1246 765 1338 aut
787 1239 986 1323 prophetae,
1019 1264 1085 1305 uou
1107 1243 1183 1307 veui
1234 1225 1297 1264 '¹⁹'

58 1321 192 1401 solvere,
227 1321 284 1385 sed
317 1321 507 1406 adimplere.
551 1321 653 1385 Aruer
688 1345 810 1407 quippe
844 1324 916 1388 dico
949 1325 1048 1406 robis,
1082 1326 1182 1390 donec

56 1414 207 1469 trauseat
238 1404 364 1468 caetum
393 1414 422 1469 et
443 1414 541 1487 terro,
574 1407 642 1469 iota
669 1428 772 1468 uuum
802 1418 861 1470 out
889 1431 977 1473 uuus
1007 1431 1094 1493 opero
1116 1431 1181 1473 uou

52 1489 250 1575 praeteribit
278 1512 299 1552 o
326 1489 404 1572 depe,
434 1490 535 1554 douec
565 1491 675 1554 oruuio
698 1491 797 1572 ficut.
844 1490 910 1564 Qui
942 1514 1019 1593 erqo
1052 1493 1183 1557 soluerit

56 1595 162 1637 uuum
191 1573 230 1637 de
257 1573 426 1636 mundatis
454 1576 527 1638 istie
555 1575 701 1637 minimis
728 1585 756 1637 et
787 1574 936 1640 docuerit
956 1599 1004 1641 sec
1027 1577 1181 1657 homiues,

56 1658 215 1720 uriuiruus
235 1657 405 1720 vocabitur
424 1659 461 1721 iu
483 1679 586 1742 repuo
608 1656 790 1739 coelorum
814 1661 872 1743 qui
894 1669 997 1724 outeru
1011 1659 1134 1743 fecerit
1154 1670 1183 1722 et

57 1742 216 1822 docuerit,
248 1741 300 1804 dic
328 1763 471 1838 maquus
500 1742 669 1806 uocabitur
697 1743 734 1805 iu
763 1764 798 1804 re
823 1765 864 1806 uo
888 1744 1064 1808 coelorum.
1109 1744 1181 1807 Hoc

56 1825 194 1890 verbum
217 1822 281 1887 Dei
306 1821 448 1910 loqu1tur
476 1827 556 1909 ipse,
584 1826 639 1909 qui
668 1833 717 1888 est
737 1765 873 1889 verdum
894 1826 968 1908 Dei,
993 1826 1077 1891 filius
1099 1828 1181 1891 Dei:

57 1909 144 1994 qu,
171 1908 329 1994 inquiens,
359 1930 399 1972 eoo
426 1931 475 1973 rue
498 1911 571 1992 ipso
594 1931 660 1972 uou
682 1931 754 1972 sum
776 1908 911 1991 locutura,
934 1911 990 1975 aed
1013 1915 1071 1996 qui
1091 1913 1181 1975 misit
1190 1935 1326 1987 rounam.

55 2015 107 2056 uae
129 1992 237 2073 Pater,
260 1994 332 2077 ipse
352 1993 435 2056 milri
456 1993 649 2057 mundatum
675 1993 773 2074 dedit,
803 1995 885 2078 quid
907 1994 1015 2058 dicum
1044 2003 1073 2058 et
1100 1994 1182 2079 quid

57 2076 190 2161 loquor,
213 2078 271 2161 qui
291 2099 357 2140 uon
379 2078 464 2157 veui,
486 2076 515 2139 le
540 2099 587 2139 eru
610 2085 668 2139 out
684 2077 866 2161 prophetoe
888 2077 1017 2154 soluere,
1040 2077 1097 2141 sed
1119 2079 1340 2158 aduersam.

56 2160 202 2244 implere.
249 2157 316 2233 Qui
346 2171 453 2224 autern
480 2100 609 2224 codrerit
638 2169 666 2223 et
695 2161 842 2224 docuerit
864 2163 921 2242 sic,
943 2161 977 2226 id
1000 2172 1047 2226 est
1069 2183 1180 2225 secun-

59 2243 140 2307 dum
169 2243 256 2330 quod
286 2242 390 2324 solvit,
418 2265 483 2307 non
512 2243 690 2309 seeundum
717 2243 750 2307 id
781 2246 867 2329 quod
888 2246 1010 2311 invenit
1039 2257 1071 2311 et
1092 2244 1180 2328 legit,

56 2328 216 2393 minimus
237 2328 407 2393 uocabitur
435 2330 473 2392 iu
495 2351 596 2412 requo
618 2327 791 2409 coelorum,
813 2353 839 2397 er
855 2346 976 2410 fortasse
1000 2344 1069 2408 ideo,
1099 2331 1341 2405 sicutuaunsna

59 2412 107 2476 ait
128 2411 364 2496 Augustinus¹‚
389 2443 444 2478 uou
468 2427 518 2478 erit
541 2426 571 2478 iu
596 2443 676 2494 reque
702 2428 843 2490 coelorum,
869 2425 915 2477 udi
940 2425 994 2478 uisi
1011 2427 1102 2496 magui
1126 2444 1181 2479 eree

56 2527 113 2562 uon
134 2517 257 2575 possunt.
304 2495 464 2557 Dominus
491 2495 576 2558 enim
603 2495 694 2558 Iesus
723 2494 871 2559 Christus
899 2495 911 2556 i
938 2516 970 2557 se
997 2505 1062 2577 est,
1095 2495 1181 2581 quod

57 2576 226 2662 praedicat
264 2579 400 2643 verbum
436 2577 510 2659 Dei,
558 2578 630 2642 ideo
656 2600 697 2642 ue
741 2599 856 2664 corpus
930 2576 1020 2641 hristi
1068 2577 1182 2642 intelli-

57 2663 147 2746 gitur
178 2661 274 2725 etiam
303 2660 505 2746 euangelium
534 2662 607 2743 Dei,
634 2601 782 2726 doctrina
811 2662 884 2744 Dei,
918 2663 1076 2746 scriptura
1105 2662 1180 2727 Dei.

57 2744 155 2810 Unde
173 2744 415 2831 Hieronymus²
441 2745 474 2807 in
501 2747 702 2830 expositione
726 2747 796 2811 147.
819 2744 952 2831 psalmi:
985 2759 1058 2813 Licet
1078 2777 1181 2826 eorpus,

58 2829 173 2914 inquit,
196 2844 261 2896 Iesu
274 2843 371 2897 Christi
385 2843 415 2896 iu
427 2845 551 2911 mysterio
563 2846 648 2910 possit
661 2845 754 2910 accipi,
774 2846 798 2896 si
809 2844 918 2910 quaudo
932 2853 1021 2896 tumeo
1039 2859 1182 2895 sermonem

57 2919 114 2972 Dei
133 2916 268 2980 audimus,
292 2927 316 2970 et
341 2935 402 2970 curo
423 2916 521 2969 cauea
540 2928 564 2968 et
587 2919 696 2984 conquir
720 2917 777 2969 eius
788 2918 921 2984 funditur
943 2917 1040 2968 uostris
1061 2915 1180 2967 auribus.

59 2985 201 3050 Proinde
224 2986 279 3071 qui
301 2987 492 3070 scripturam
508 2984 572 3049 Dei
595 2984 698 3066 solvit,
721 2986 829 3049 Iesum
852 2984 957 3064 solvit,
1003 2985 1037 3045 ui
1059 2984 1182 3047 scilicet

49 3070 143 3134 ,fitius
166 3069 229 3132 Dei
248 3068 385 3133 verbum
412 3069 476 3133 Dei
505 3089 546 3154 ap
572 3069 664 3150 aruit,
686 3077 721 3131 ut
743 3066 846 3132 solvat
867 3087 964 3152 opera
981 3007 1119 3148 diaboli,
1149 3074 1328 3144 etuunae.

58 3164 95 3218 ut
118 3153 230 3218 eadem
253 3175 352 3238 opera
373 3152 493 3217 diaboli
515 3090 638 3217 scirent
660 3152 842 3217 sacerdotes
871 3151 905 3214 in
926 3150 1024 3214 verbo
1046 3149 1119 3230 Dei,
1146 3153 1181 3214 in

57 3239 178 3303 virtute
192 3237 266 3319 Dei,
290 3237 449 3301 concessit
465 3236 621 3318 Christus,
644 3235 729 3300 filius
744 3236 808 3299 Dei
823 3236 900 3316 vivi,
919 3235 975 3318 qui
989 3233 1072 3296 dixit
1085 3233 1180 3297 beato

58 3323 157 3386 Petro
179 3322 265 3386 etin
287 3322 359 3406 ipso
382 3331 511 3386 sanctae
533 3319 697 3402 ecclesiae,
719 3328 831 3406 utpote
849 3340 948 3404 supra
968 3326 1093 3403 petram
1111 3316 1180 3379 fun-

57 3405 169 3471 datae:
200 3404 417 3490 Quaecunque
438 3406 595 3491 liqoueria
617 3414 869 3490 superterram,
896 3411 992 3466 eruut
1023 3401 1131 3485 diqoto
1152 3410 1181 3464 et
1191 3417 1344 3467 uncturam·

57 3492 96 3555 iu
118 3489 228 3567 caelis,
258 3499 287 3553 et
309 3512 519 3574 quaecuuque
540 3489 675 3553 solveris
697 3497 942 3574 superterram,
965 3494 1060 3549 eruut
1073 3483 1181 3548 soluto

57 3584 88 3638 et
117 3575 154 3638 iu
181 3572 291 3637 caelia
342 3573 476 3638 Verbum
504 3575 590 3637 enirn
617 3573 682 3637 Dei
710 3582 755 3637 est
784 3595 852 3637 uou
881 3569 1063 3655 oldiqaturu,
1097 3568 1181 3632 sicut
1191 3587 1212 3627 a
1221 3585 1282 3625 mm.
1291 3585 1311 3636 a,
1320 3583 1341 3624 a.

57 3665 197 3722 testatur
217 3655 384 3741 apostolus
399 3656 473 3737 Dei,
497 3677 556 3720 nec
578 3654 660 3719 solvi
681 3658 800 3741 poterit
820 3654 885 3719 ullo
903 3653 999 3718 modo
1022 3653 1181 3736 scriptura

57 3741 134 3823 Dei,
157 3762 238 3825 opus
261 3740 334 3822 Dei,
357 3740 492 3805 verbum
514 3739 587 3810 Dei.
630 3742 720 3805 Num
741 3740 873 3822 coelum,
895 3739 1010 3825 inquit,
1037 3746 1066 3801 et
1092 3747 1344 3801 terrouattnaaoo.

56 3826 258 3907 transibunt,
281 3826 379 3889 uerbo
402 3835 508 3889 autem
531 3847 601 3888 meo
624 3847 688 3888 uou
710 3825 909 3888 transibunt.
951 3822 1055 3906 Igitur
1084 3842 1182 3968 oqera

56 3908 181 3975 diaboli
204 3915 278 3972 sunt
299 3919 432 3994 peccata
452 3907 628 3989 hominum,
650 3908 743 3972 iuxta
762 3907 849 3994 quod
864 3906 981 3971 dicitur
995 3927 1053 3990 per
1067 3905 1103 3968 Io
1127 3926 1181 3968 an-

56 4015 133 4059 nem
164 3990 362 4077 apostolum:
398 3991 465 4067 Qui
481 3992 574 4077 fucit
593 4001 774 4077 peccatum,
802 4013 843 4055 ero
872 3989 1003 4055 diabolo
1031 3997 1085 4070 eet,
1116 4009 1182 4052 non
1193 4004 1270 4046 aron.
1280 4001 1330 4053 a&

56 4076 166 4142 carnis
196 4077 352 4162 originem
381 4075 528 4141 ducendo
558 4097 600 4139 ex
629 4074 767 4157 diabolo,
797 4073 855 4139 sed
887 4072 1099 4146 imitationem
1130 4071 1183 4137 vel

59 4275 88 4342 1)
109 4276 256 4341 Augustini
282 4277 379 4342 Opera,
405 4277 458 4334 ΙΙΙ,
480 4275 504 4340 2,
534 4293 561 4340 p.
591 4275 641 4324 173
661 4276 694 4326 Ε.
738 4273 778 4328 Cf.
806 4288 886 4339 supra
906 4288 929 4322 c.
951 4271 975 4322 4.
1071 4269 1098 4331 2)
1119 4267 1181 4316 Hie·

57 4366 185 4416 ronymus
202 4349 224 4401 l.
239 4365 264 4400 c.
284 4348 383 4401 Psalm.
405 4348 457 4399 147
477 4348 541 4415 (col.
562 4348 624 4398 530.
645 4348 720 4411 531).
793 4386 795 4391 .

934 4427 949 4473 3
