2812 4830
196 371 232 421 46
380 370 431 419 DE
451 369 610 420 UNITATE
630 367 836 420 Eccunsmu
861 366 1139 420 CONSERVANDA.

197 546 361 618 tenemus,
405 537 461 622 qui
497 537 590 607 bonis
628 534 777 600 omnibus
814 536 1048 599 consentientes
1092 557 1227 611 sumus,
1291 539 1320 600 ui

197 642 311 706 pacem
344 641 491 683 amamus
525 630 558 684 et
593 619 824 682 fraternitatem
860 616 1038 703 diligimus,
1073 620 1130 704 qui
1167 559 1320 706 imperili-

198 727 272 768 mus
308 704 478 786 honorem,
515 705 568 766 cui
606 701 761 766 debemus
799 702 971 783 honorem,
1008 703 1065 788 qui
1104 704 1201 768 iuxta
1235 726 1319 790 prae·

67 792 158 832 ¹·1’0tf·
169 793 189 843 ²2
200 797 329 874 ceptum
345 789 432 852 Petri
451 787 588 873 apostoli
605 785 742 851 subiecti
765 808 876 848 sumus
899 786 986 849 omni
1003 796 1170 852 creaturae
1193 801 1321 876 propter

83 851 165 892 Μ’
199 874 316 954 Deum,
354 873 423 936 sive
455 873 525 955 regi
557 881 711 956 tanquam
743 869 951 955 praecellenti
983 871 1052 934 sive
1085 871 1228 938 ducibus
1259 885 1320 938 tan·

201 978 297 1042 quam
325 978 345 1019 a
367 955 439 1021 Deo
468 957 585 1037 missis,
614 965 646 1018 et
670 976 735 1017 non
758 964 882 1019 tantum
904 954 999 1019 bonis
1026 964 1059 1018 et
1079 955 1248 1039 modestis,
1270 957 1320 1022 sed

200 1042 297 1106 etiam
326 1038 477 1125 dyscolis,
507 1039 541 1103 id
571 1049 620 1103 est
647 1037 903 1122 indisciplinatis,
932 1040 988 1124 qui
1014 1038 1207 1104 confitemur
1235 1043 1320 1106 iuxta

67 1113 87 1152 ¹·
97 1111 189 1210 3¹2&
200 1124 379 1189 doctrinam
408 1122 502 1188 Pauli
525 1122 673 1208 apostoli,
703 1122 825 1186 bonum
855 1145 925 1187 esse
953 1135 985 1187 et
1011 1135 1185 1208 acceptum
1216 1147 1318 1189 coram

161 1196 168 1209 ⁸
200 1208 359 1274 salvatore
381 1208 454 1272 Deo
483 1218 603 1288 nostro,
633 1207 689 1293 qui
717 1229 827 1271 omnes
855 1206 1001 1270 homines
1024 1206 1094 1272 vult
1119 1207 1229 1274 salvos
1256 1209 1318 1274 fieri

199 1294 294 1358 etad
317 1294 514 1377 agnitionem
537 1293 680 1356 veritatis
702 1291 822 1373 venire,
849 1301 885 1355 ut
913 1292 1052 1376 primum
1079 1294 1226 1357 omnium
1249 1295 1318 1358 fiant

200 1378 448 1459 obsecrationes,
482 1377 652 1455 orationes,
691 1374 935 1459 postulationes,
966 1377 1148 1458 gratiarum
1180 1378 1318 1443 actiones

199 1481 259 1546 pro
293 1460 442 1524 omnibus
475 1459 677 1540 hominibus,
709 1481 767 1544 pro
797 1460 929 1543 regibus
960 1470 992 1524 et
1022 1460 1174 1526 omnibus
1203 1464 1261 1548 qui
1289 1463 1317 1526 in

200 1542 397 1608 sublimitate
416 1552 498 1624 sunt,
520 1552 557 1606 ut
579 1544 718 1629 quietam
741 1553 773 1608 et
794 1542 999 1629 tranquillam
1014 1545 1114 1608 vitam
1137 1549 1318 1644 agamusin

200 1628 289 1693 omni
310 1628 429 1711 pietate
452 1636 484 1690 et
506 1629 661 1708 castitate,
684 1648 744 1691 nos
766 1649 854 1708 vero,
878 1629 933 1714 qui
955 1637 1104 1713 optamus
1128 1642 1229 1694 enam
1251 1653 1316 1695 cum

88 1732 133 1774 101.
141 1731 190 1784 s,1.
223 1710 369 1797 ropheta,
397 1710 467 1774 dari
489 1713 588 1796 capiti
609 1720 719 1774 nostro
742 1732 861 1797 aquam
883 1722 915 1776 et
937 1710 1038 1776 oculis
1059 1714 1180 1777 nostris
1203 1715 1316 1780 fontem

198 1735 413 1878 licrimarum,
436 1803 472 1859 ut
493 1796 655 1882 ploremus
677 1795 730 1859 die
752 1806 784 1860 et
797 1806 892 1860 nocte
905 1795 1090 1861 interfectos
1108 1796 1198 1862 filiae
1213 1798 1317 1886 populi

198 1881 309 1962 nostri,
332 1902 402 1961 nos,
424 1881 568 1966 inquam,
590 1879 792 1965 praeiudicat
805 1879 859 1943 ille
873 1881 1020 1965 scriptor,
1039 1879 1162 1963 dicens,
1179 1905 1241 1947 nos
1256 1905 1316 1948 esse

200 1965 400 2031 scismaticos
415 1975 446 2029 et
460 1965 619 2030 hereticos
642 1974 675 2028 et
689 1965 996 2048 excommunicatos,
1019 1966 1096 2050 quia
1109 1967 1223 2051 regiae
1238 1979 1316 2053 pote·

201 2051 275 2116 stati
296 2070 361 2113 non
382 2050 562 2113 resistimus
585 2057 617 2112 et
661 2049 716 2112 uia
731 2047 889 2114 Clementi
910 2069 1014 2134 papae
1033 2053 1315 2116 communicamus.

284 2136 315 2198 4.
362 2132 451 2207 Quid
485 2069 687 2211 inuiolabile,
723 2134 827 2218 inquit
837 2147 857 2214 ¹,
893 2133 1049 2216 baptismi
1080 2147 1316 2201 sacramentum

202 2219 296 2303 apud
310 2220 510 2281 scismaticos
531 2227 560 2279 et
579 2218 733 2280 hereticos
754 2226 783 2281 et
803 2221 1098 2282 eacommunicatos
1118 2220 1242 2301 valeat,
1264 2221 1316 2284 Isi·

202 2303 303 2366 doras
324 2304 362 2365 in
378 2299 615 2386 allegoriarum
628 2301 710 2365 libro
734 2323 835 2384 super
850 2301 992 2366 Genesin
1015 2301 1195 2366 declar·at².
1230 2303 1317 2378 Quot

196 2394 333 2469 praeter
365 2407 488 2465 arcam,
523 2387 580 2466 ait,
609 2387 714 2450 omnis
743 2408 832 2466 caro,
860 2409 958 2471 quam
986 2395 1075 2450 terra
1109 2389 1317 2469 sustentabat,

202 2468 328 2533 diluuio
362 2479 556 2553 consumpta
588 2478 643 2549 est,
679 2470 857 2554 sipnificat,
891 2472 971 2554 quia
998 2479 1136 2553 praeter
1171 2473 1317 2538 ecclesias

202 2553 384 2616 societatem
413 2575 503 2637 aqua
530 2553 694 2636 baptismi,
725 2577 798 2617 cum
826 2555 937 2618 eadem
965 2556 1007 2618 sit
1033 2557 1094 2636 ais,
1123 2578 1193 2621 non
1221 2557 1318 2621 solam

203 2658 270 2700 non
285 2635 371 2698 calet
393 2634 598 2717 adsalutem,
621 2639 676 2700 sed
690 2637 773 2700 ualet
782 2642 898 2721 potius
922 2638 967 2701 ad
982 2639 1180 2722 perniciem.
1209 2639 1317 2706 Scien-

203 2721 282 2784 dum
298 2728 412 2800 autem,
428 2721 515 2804 qaod
537 2720 728 2868 Wipberdas
751 2724 882 2806 arquit³
899 2723 1074 2786 catholicos
1089 2745 1250 2805 asserere,
1264 2723 1319 2788 illa

204 2825 288 2889 qaae
302 2803 393 2885 flunt
414 2813 509 2867 entra
530 2807 696 2869 eccesiam
717 2815 925 2870 sacramenta
952 2829 1019 2870 non
1046 2828 1113 2871 esse
1139 2831 1200 2872 nec
1229 2808 1319 2873 aliud

204 2911 302 2972 quam
323 2888 566 2953 damnationem
587 2891 742 2974 cuiquam
761 2890 919 2973 conferre,
942 2899 1104 2972 astruens,
1125 2901 1217 2958 tam²
1231 2903 1319 2956 entra

204 2993 301 3055 quam
326 2974 419 3035 intra
446 2973 640 3038 catholicam
668 2974 836 3038 ecclesiam
857 2975 937 3038 iaec
960 2976 1072 3038 amnia
1092 2986 1173 3040 rata
1195 2987 1226 3042 et
1246 2999 1320 3042 uera

112 3073 126 3099 s
204 3058 349 3137 assistere,
373 3059 571 3142 assumitque
593 3061 631 3122 in
654 3060 873 3122 testimonium
895 3059 1086 3123 assertionis
1109 3083 1191 3125 suae
1206 3061 1318 3147 Anqu-

203 3142 286 3205 stini
299 3143 491 3205 sententiam
506 3145 543 3206 in
559 3143 701 3228 quodam
716 3151 861 3206 tractatu
883 3145 920 3207 in
936 3142 1144 3227 euangelium
1159 3146 1319 3208 Iohannis

203 3234 319 3289 contra
340 3226 557 3309 rebaptizatos
579 3227 710 3290 editam.
743 3227 807 3289 ‘Ita
829 3230 925 3312 erpo',
946 3229 1056 3311 inquit
1076 3225 1319 3313 Aupastinus4,

203 3315 272 3374 ‘nec
290 3308 384 3392 faris
412 3312 497 3372 sicat
522 3331 580 3374 nec
608 3312 699 3372 intus
721 3312 907 3396 quisquam,
935 3314 994 3394 qui
1014 3331 1055 3372 ear
1071 3319 1173 3392 parte
1199 3310 1320 3376 diaboli

204 3403 260 3473 est,
276 3402 382 3476 potest
403 3392 452 3455 ael
473 3394 557 3455 inse
578 3392 628 3455 ael
651 3395 689 3457 in
708 3416 872 3479 quoquam
893 3392 1060 3457 maculare
1081 3405 1321 3460 sacramentum

205 3477 292 3561 quod
323 3475 446 3541 Christi
473 3478 537 3538 est'.
584 3473 690 3548 Quam
717 3487 746 3542 et
772 3500 832 3541 nas
864 3479 1054 3540 sententiam
1073 3476 1224 3557 fideliter
1256 3502 1320 3543 am·

199 3560 373 3643 plectentes
394 3559 637 3642 respondemus,
660 3561 718 3625 loc
735 3562 959 3646 Aupustinum
981 3561 1020 3624 de
1042 3560 1120 3642 sola,
1143 3565 1233 3628 unde
1247 3573 1320 3627 tanc

205 3643 373 3728 apebatur,
402 3643 557 3724 baptismi
585 3645 711 3709 dimisse
740 3654 954 3710 sacramenta.
998 3644 1042 3707 Et
1068 3645 1103 3706 in
1131 3644 1198 3710 fine
1223 3647 1321 3732 ipsius

205 3749 223 3790 c
247 3723 375 3789 istolae:
402 3727 600 3791 intuendum
623 3731 729 3810 etiam,
752 3729 865 3813 inquit,
888 3729 975 3813 quad
996 3729 1055 3812 qui
1075 3729 1251 3814 Wipberclo
1276 3729 1320 3794 ael

241 3809 372 3874 enricho
377 3807 509 3892 fauent,
533 3821 591 3874 ant
606 3812 795 3896 temporalis
811 3813 970 3876 commodi
983 3823 1133 3896 respecta
1148 3814 1199 3878 ael
1214 3816 1321 3880 lama·

204 4006 228 4060 ι)
244 4009 290 4048 iam
308 4010 327 4049 1.
344 4008 453 4050 Frateras
467 4012 591 4054 mmmm.

206 4179 232 4241 1)
259 4179 304 4231 Sc.
324 4178 508 4243 adversarium
535 4179 568 4229 cf.
588 4180 791 4245 praefationem.
874 4183 900 4245 2)
927 4179 1025 4230 Isidori
1044 4180 1218 4248 Hispalensis
1239 4184 1322 4248 Opera

205 4250 248 4302 ed.
273 4251 388 4304 Arevalo
407 4253 441 4312 V,
469 4271 496 4318 p.
517 4251 579 4301 288.
673 4255 701 4316 3)
727 4254 760 4303 In
784 4254 832 4304 illa
863 4253 987 4321 epistula,
1016 4252 1087 4304 Jafft
1112 4255 1146 4318 V,
1174 4254 1237 4307 147.
1264 4253 1321 4304 148.

204 4323 233 4391 4)
253 4324 294 4376 Cf.
306 4327 450 4392 Augustini
463 4326 497 4376 de
511 4326 644 4391 baptismo
665 4331 758 4377 contra
776 4328 934 4378 Donatistae
953 4327 970 4377 l.
985 4326 1034 4391 IV,
1048 4328 1074 4388 t,
1095 4327 1188 4395 Opera
1201 4329 1250 4393 IX,
1265 4327 1322 4378 124.
