2812 4830
223 362 275 416 104
410 357 460 415 DE
479 353 639 413 UNI‘PATE
657 353 863 411 Edennsmn
884 357 1164 413 CONSERVANDA.

222 553 366 617 unquam
381 540 494 617 sponte
517 551 576 594 sua
589 551 698 615 regem
720 528 920 593 Henrichum
934 529 1046 595 videre
1067 528 1120 594 vel
1141 527 1272 614 alloqui.
1299 529 1337 592 At

223 617 407 701 imperator,
425 613 538 679 leviter
559 613 668 678 fcrens'
687 622 907 699 contemptum
930 636 1033 693 suum,
1056 636 1131 678 cum
1145 612 1279 678 haberet
1298 623 1338 677 ut-

223 709 299 849 pote
322 699 468 763 minister
488 697 552 762 Dei
573 697 734 762 vindicem
756 699 791 761 in
811 699 929 785 impios
955 697 1110 784 gladium,
1140 697 1244 762 noluit
1266 699 1337 762 occi-

247 806 300 848 erc
324 804 519 870 quemquam
540 786 728 864 noxiorum3
758 782 816 846 sed
838 804 912 846 cum
934 805 973 847 oa
998 782 1093 847 ienda
1115 792 1202 848 esset
1224 783 1338 864 civitas,

223 877 309 932 non·
330 865 434 932 solum
456 866 577 932 dimisit
598 867 774 953 impunitos
795 865 904 931 hostes
926 805 1080 932 ecciesiae
1108 874 1141 931 et
1167 867 1339 931 desertores

224 951 357 1016 militiae
386 972 473 1030 suae,
502 972 615 1016 verum
648 951 744 1014 etiam
776 951 884 1036 ipsum
915 950 1163 1032 Adalberonem,
1198 961 1231 1015 et
1260 950 1339 1037 quod

225 1058 299 1102 cum
330 1057 369 1100 eo
398 1045 466 1101 erat
493 1035 691 1122 praesidium
712 1033 864 1116 hostium,
887 1035 1003 1101 milites
1026 1034 1149 1100 scilicet
1171 1037 1221 1100 rei
1268 1035 1339 1101 ubli-

225 1142 291 1203 cae,
314 1120 470 1208 permisit,
493 1120 666 1184 comitante
689 1140 747 1182 suo
770 1140 897 1205 quoquc
920 1119 1049 1201 ducatu,
1072 1140 1206 1185 securos
1227 1058 1339 1186 abiret

224 1205 323 1270 Modo
349 1205 445 1269 fuerit
472 1205 648 1304 imperator
676 1223 795 1286 errans,
824 1202 926 1289 qualis
955 1226 1021 1269 non
1047 1213 1252 1290 potestesse
1280 1206 1340 1270 sine

223 1311 328 1376 poena
355 1287 593 1353 ecclesiastrcae
623 1288 979 1370 excommunicationis,
1008 1309 1080 1351 curn
1108 1289 1203 1352 iuxta
1225 1299 1341 1356 senten·

224 1374 303 1438 tiam
325 1372 428 1436 sancti
448 1394 554 1472 papae
570 1370 711 1437 Gelasii²
733 1370 906 1437 moliantur
926 1372 1025 1436 fidem
1046 1370 1238 1437 catholicam
1261 1396 1341 1440 ever·

225 1465 292 1522 tere
321 1479 380 1543 per
402 1476 604 1521 occasionem
626 1456 735 1541 regiae
757 1454 808 1519 alli
833 1456 960 1538 ationis,
984 1457 1040 1542 qui
1062 1456 1194 1523 student
1217 1457 1342 1524 obviare

226 1540 493 1626 dispositionibus
514 1539 662 1627 publicis.
697 1538 780 1602 Sed:
806 1479 939 1606 duritas
954 1543 1096 1626 cooperit
1110 1542 1342 1608 multitudinem

80 1635 443 1774 treismapqetccatorstsm,
466 1625 549 1725 sicut
570 1622 830 1773 dpcitthquinus
852 1646 910 1709 per
931 1624 1244 1774 apostolurhqbsuum,
1273 1629 1342 1777 capi-

275 1730 507 1772 emauemrm
532 1729 637 1772 eraor
674 1728 710 1770 cs
762 1730 800 1771 us
838 1729 880 1772 uo
904 1731 1083 1773 nesursex
1141 1720 1191 1775 urt
1243 1733 1342 1776 uano

226 1793 261 1855 in
276 1814 357 1879 pace
372 1814 426 1857 eos
441 1731 530 1858 abiri
543 1792 697 1878 permisit.
732 1730 925 1856 Siculleniqm
940 1794 1053 1859 scribit
1067 1758 1201 1858 sanctud
1215 1733 1343 1883 dypria-

226 1899 287 1941 nus
302 1878 475 1964 episcopus
488 1879 523 1942 in
536 1876 619 1942 libro
639 1875 679 1941 de
694 1875 882 1960 patientias:
906 1890 1010 1944 Oeneae
1016 1893 1201 1958 fraternitatis
1215 1895 1343 1946 vincutum

227 1975 273 2032 est,
292 1968 501 2035 fundamentum
521 1967 610 2034 pacis,
630 1965 758 2017 tenacitas
785 1983 816 2016 ac
833 1964 951 2032 firmitas
977 1967 1097 2030 unitatis,
1122 1983 1192 2032 quae
1218 1975 1243 2019 et
1262 1976 1342 2034 spect

220 2042 277 2108 fide
305 2042 391 2092 maior
415 2049 459 2104 est,
488 2058 556 2106 quae
585 2049 610 2092 et
633 2055 714 2104 opera
738 2055 770 2088 ac
793 2040 924 2105 martyria
943 2039 1091 2105 praecedit,
1121 2056 1189 2106 quae
1215 2041 1343 2092 nobiscum

227 2141 329 2191 semper
351 2132 461 2176 aeterna
488 2123 517 2173 in
543 2118 695 2173 caelestibus
719 2118 808 2188 regnis
831 2122 1006 2185 permanebit.
1046 2108 1089 2171 El
1120 2117 1196 2192 post
1225 2106 1343 2194 aliqua:

226 2204 269 2257 De
287 2205 331 2256 irc
349 2206 415 2271 quid
433 2204 529 2268 dicam,
549 2190 662 2275 inquit,
685 2208 709 2254 et
721 2203 755 2255 de
767 2201 904 2255 discordia
923 2205 996 2256 etde
1014 2204 1181 2259 simulatione
1188 2200 1213 2270 l,
1234 2225 1302 2274 quae
1319 2209 1343 2259 in

228 2277 371 2330 christiano
395 2294 450 2330 esse
472 2295 526 2329 nom
545 2277 658 2330 debenti
687 2273 864 2340 lneupiclilis
884 2284 908 2328 et
925 2276 1017 2345 prauis
1036 2279 1116 2344 cama
1135 2280 1286 2333 discordiae
1303 2298 1345 2334 nee

219 2351 349 2416 ¹passione
366 2359 509 2417 purpatur,
529 2361 554 2402 et
572 2353 596 2404 si
614 2349 748 2403 discordes
769 2347 848 2400 etiam
866 2349 946 2402 occisi
955 2351 1072 2416 suerint,
1097 2354 1206 2404 macula
1229 2353 1282 2406 ista
1303 2372 1344 2407 nec

227 2433 357 2499 sanquine
373 2431 500 2484 alluitur.
531 2432 587 2483 Nos
607 2449 677 2496 uero,
694 2417 828 2501 lnquil4,
849 2432 995 2484 meminisse
1007 2433 1139 2497 debemus,
1158 2452 1211 2500 quo
1224 2437 1345 2488 uocabulo

222 2506 327 2573 plebem
345 2522 422 2556 suam
442 2504 560 2556 &cristus
580 2506 702 2573 appellet,
723 2522 773 2571 quo
793 2505 867 2556 titulo
884 2522 989 2573 prepem
1008 2523 1085 2557 suum
1103 2515 1247 2574 nuncupet.
1284 2509 1344 2562 Ores

227 2579 355 2642 nominat,
375 2584 404 2628 ut
422 2577 574 2629 innocentia
592 2577 740 2630 christiana
753 2579 844 2631 cuibus
858 2585 993 2645 aequetur,
1013 2597 1096 2648 cpmos
1114 2587 1201 2644 uocat,
1221 2591 1251 2633 ut
1271 2600 1345 2651 apno·

227 2669 288 2703 rum
312 2658 439 2702 naturam
463 2651 605 2718 simplicem
628 2651 783 2718 simplicitas
808 2650 901 2702 mentis
926 2651 1050 2706 imitetur.
1091 2651 1162 2715 Quid
1187 2655 1237 2706 sub
1255 2657 1345 2708 vestita

229 2725 317 2775 ocium
342 2725 422 2790 lupus
448 2724 542 2788 latitat,
567 2723 634 2790 quid
658 2741 760 2792 preyem
788 2724 886 2776 Christi
909 2727 956 2792 qui
981 2742 1008 2777 se
1033 2725 1207 2778 christianum
1227 2730 1347 2781 mentitur

227 2797 363 2864 insumat?
400 2797 497 2850 Obristi
514 2815 609 2849 nomen
627 2799 739 2850 induere
759 2805 782 2851 et
799 2815 855 2849 non
868 2815 921 2863 per
940 2797 1037 2850 Obsisti
1054 2799 1127 2852 uiam
1141 2817 1266 2868 perpere,
1284 2803 1346 2870 quial

228 2870 305 2923 aliud
318 2878 363 2936 est,
380 2888 460 2936 quem
471 2872 672 2938 praevaricatio
684 2870 771 2923 diuini
788 2872 911 2936 nominis,
930 2890 1010 2937 quam
1028 2873 1139 2925 desertio
1159 2875 1264 2926 itureris
1278 2877 1347 2928 salu·

228 2943 315 2994 turis?
334 2947 441 3010 quamdo
460 2945 516 3012 ipse
543 2954 646 2998 moneat
665 2953 689 2998 et
707 2944 788 3009 dicat,
808 2962 868 2998 eum
886 2962 940 2998 esse
960 2944 1113 3012 sapientm,
1132 2947 1180 3013 qui
1198 2949 1281 3001 verba
1298 2948 1348 3001 Dei

229 3026 347 3078 audierit
365 3036 389 3079 es
400 3028 506 3094 seceris.
543 3012 652 3099 Atque
678 3014 713 3077 in
740 3012 823 3077 libro
846 3012 886 3078 dc
908 3015 1030 3079 unitate
1053 3011 1230 3078 catholicae
1252 3016 1348 3082 eccle·

228 3094 294 3160 siae
315 3095 401 3161 idem
424 3096 608 3183 Cyprianus
630 3098 837 3184 episcopus⁵t
863 3109 929 3179 opto
949 3113 1078 3179 equidem,
1097 3098 1212 3184 inquit,
1236 3115 1348 3168 dilectis·

226 3183 287 3236 simi
303 3186 419 3252 fratres,
438 3192 463 3238 et
481 3189 588 3240 consulo
607 3189 715 3254 pariter
740 3196 765 3238 et
790 3187 899 3248 suadeo,
928 3193 966 3247 ut,
984 3185 1009 3237 si
1024 3184 1089 3252 fleri
1101 3195 1199 3253 potest,
1224 3207 1299 3242 nemo
1318 3189 1350 3242 de

219 3260 358 3325 fratribus
372 3265 475 3325 pereat,
495 3267 520 3313 et
532 3261 716 3313 consentientis
727 3259 825 3327 populi
841 3275 935 3324 corpus
956 3276 1039 3310 unum
1050 3261 1148 3326 mamis
1168 3278 1217 3313 suo
1229 3265 1348 3330 pandens

227 3338 311 3384 mater
339 3332 469 3386 includat.
508 3332 540 3386 Si
568 3343 655 3386 tamen
683 3335 813 3400 quosdam
840 3332 991 3384 scismatum
1016 3332 1095 3385 daces
1124 3343 1148 3386 et
1177 3335 1349 3389 dissensionis

228 3415 347 3458 auctores
372 3407 402 3457 im
429 3423 509 3459 caeca
533 3413 557 3458 el
579 3407 712 3459 obstinata
736 3405 868 3458 dementia
885 3414 1072 3471 permanentes
1095 3425 1148 3458 non
1168 3411 1291 3475 potuerit
1314 3411 1349 3461 ad

227 3478 322 3530 salutis
349 3478 421 3532 uiam
451 3479 590 3531 consilium
613 3480 719 3531 salubre
745 3495 879 3542 reuocare,
905 3479 982 3531 ceteri
1005 3485 1093 3531 tumen
1118 3480 1160 3531 uel
1184 3482 1350 3548 simplicitate

227 3551 298 3618 capti
316 3554 359 3604 uel
377 3569 466 3604 errore
484 3552 588 3604 inducti
606 3555 647 3605 ael
666 3553 757 3617 aliqua
769 3550 895 3618 fallentis
915 3552 1029 3603 astutiae
1047 3553 1193 3605 calliditate
1209 3557 1313 3623 decepti
1333 3573 1350 3607 a

219 3625 353 3690 fallaciae
375 3643 423 3678 vos
447 3625 550 3692 laqueis
574 3626 671 3689 solvite,
697 3630 846 3693 repentes⁰
870 3641 976 3692 pressus
1006 3625 1039 3676 ab
1068 3627 1203 3678 erroribus
1232 3630 1349 3692 liberate,

67 3697 277 3755 &Thersander
295 3705 394 3750 rectum
412 3699 472 3750 uiae
492 3699 609 3750 coelestis
628 3699 766 3767 opnoscite.
799 3696 973 3750 Contestantis
987 3698 1100 3764 apostoli
1116 3716 1169 3753 com
1183 3708 1237 3752 est:
1260 3703 1350 3754 ‘Prae-

228 3771 339 3836 cipimus
362 3770 453 3835 uobis',
478 3772 571 3838 inquit,
598 3771 635 3824 ‘in
658 3773 762 3824 nomine
784 3772 886 3823 domini
902 3772 968 3824 Iesu
987 3772 1094 3837 Christi,
1117 3782 1148 3824 ut
1165 3775 1299 3827 recedatis
1318 3776 1349 3826 ai

229 3843 349 3895 omnibus
360 3843 497 3910 fratribus
517 3845 713 3898 ambulantibus
731 3846 883 3898 inordinate
904 3854 928 3898 et
946 3863 999 3897 non
1013 3848 1157 3899 seeundum
1170 3848 1349 3912 traditionem,

228 3986 252 4040 a)
260 3987 351 4087 aqvas
367 3988 417 4029 iene
432 3991 548 4031 emendavit
563 3990 651 4032 Setard.
727 3989 751 4042 b)
768 3992 885 4035 simultate
902 3993 963 4044 prr.
1032 3993 1053 4046 c)
1070 3997 1194 4043 vacentem
1211 3997 1240 4045 1¹,
1261 3994 1350 4036 Setard.

228 4058 259 4087 em
348 4077 354 4088 .

231 4169 259 4237 1)
290 4170 330 4222 cf,
359 4169 474 4220 Mariani
503 4171 580 4224 (lent.
606 4173 645 4223 11.
673 4173 692 4224 l.
716 4188 739 4224 c.
770 4191 797 4240 p.
818 4173 885 4237 564;
915 4174 1021 4224 Elrkeb.
1052 4173 1114 4225 Chr.
1143 4173 1162 4227 l.
1183 4191 1206 4227 c.
1237 4193 1265 4244 p.
1289 4173 1349 4225 20⁷.

229 4245 257 4308 2)
282 4243 324 4295 cf.
344 4242 421 4295 Thiel
446 4261 472 4310 p.
490 4245 552 4297 341.
626 4248 655 4311 3)
678 4246 807 4313 Cypriani
826 4248 916 4314 Opera
941 4265 970 4312 p.
989 4246 1154 4301 tot-409.
1230 4250 1259 4309 4)
1281 4247 1351 4299 lbid.

228 4336 255 4387 p.
273 4316 337 4368 42⁷.
413 4315 441 4382 i)
460 4318 530 4372 Ibid.
550 4336 577 4386 p.
597 4319 658 4372 230.
