2812 4830
225 396 260 445 48
409 396 459 446 DE
479 395 639 446 uuluam
662 393 866 446 uocausmu
887 391 1166 444 consuamus.

227 563 360 626 credens
382 586 454 628 eam
476 584 548 627 esse
570 564 602 626 in
648 572 716 626 arte
737 582 812 642 una,
835 563 926 626 iuxta
947 559 1035 647 quod
1057 570 1089 624 et
1110 557 1280 622 Dominus
1303 575 1354 638 per

226 646 528 734 pseudoprophetas
550 657 582 711 et
595 585 693 710 fabas
708 646 858 711 doctores
871 646 941 711 fieri
955 643 1132 730 praedixit,
1155 641 1216 727 qui
1232 639 1353 702 dicunt:

91 717 217 816 22¹2?
227 733 310 796 Eece
326 734 378 796 lu‘e
394 742 440 796 cst
458 733 616 811 Christus,
639 753 707 795 ecce
721 730 801 811 illic,
825 751 898 793 oum
913 727 966 793 ille
981 739 1083 793 totum
1100 725 1218 790 orbem
1236 723 1353 802 emerit,

144 805 150 828 '
228 817 284 901 qui
311 826 435 880 tantum
465 816 630 900 sanguinis
668 816 718 878 sui
744 815 884 899 pretium
914 812 1012 878 dedit
1056 812 1110 874 De
1145 809 1200 872 his
1234 805 1354 871 duobus

227 900 370 964 timenda
397 910 471 965 sunt
498 899 658 981 scandala,
688 898 841 984 quoniam
869 906 901 962 et
927 898 991 961 duo
1014 907 1090 960 sunt
1111 915 1237 994 praece
1263 891 1354 990 ta,in

66 981 1071 1174 srarttttltt{titttittttttttttatltttt
1086 977 1354 1145 ttttftttt}

227 1164 256 1216 et
283 1177 349 1218 non
379 1164 425 1218 est
451 1154 519 1219 illis
546 1153 751 1217 scandalum.
796 1151 861 1216 sed
889 1150 1000 1214 scribit
1028 1157 1143 1214 contra
1165 1167 1230 1210 nos
1250 1151 1354 1209 noster

227 1237 443 1302 adversarius:
475 1239 557 1318 Nos,
584 1237 744 1322 inquiens,
767 1237 887 1299 iustam
935 1243 1036 1296 artem
1059 1232 1128 1296 Gre
1154 1233 1225 1297 orii
1248 1232 1353 1294 iarna

228 1323 298 1385 Deo
327 1325 500 1405 assumpti,
530 1323 616 1385 sicut
636 1322 759 1384 iustam
780 1320 882 1400 est,d
916 1319 1076 1382 eudimus.
1158 1314 1226 1379 nde
1250 1317 1353 1397 Augu-

227 1407 329 1469 stinus
345 1404 490 1469 scribens
512 1405 546 1467 in
564 1413 703 1468 tractatu
717 1403 833 1490 psalmi
856 1423 925 1488 cap.
940 1403 979 1465 12
1001 1401 1043 1466 de
1062 1397 1206 1465 talibus:
1230 1414 1273 1465 Eo
1289 1412 1353 1493 pta,

227 1490 362 1574 inquit¹,
387 1503 508 1554 abundat
522 1503 650 1568 nequitia,
669 1519 720 1568 quo
740 1501 791 1552 sibi
809 1499 915 1552 uidetur
935 1500 1075 1550 abundare
1094 1497 1216 1561 iustitia,
1237 1491 1270 1546 ei
1285 1499 1354 1565 qma

228 1573 351 1635 iustitia
377 1582 425 1634 est
450 1572 484 1632 in
512 1569 609 1635 corde
636 1573 790 1654 ipsorum,
820 1568 877 1633 sed
898 1566 988 1648 falsa,
1009 1565 1084 1632 ideo
1107 1566 1193 1629 ait²:
1219 1580 1285 1632 Non
1299 1594 1353 1645 per·

228 1661 337 1713 ueniunt
357 1662 394 1712 ad
411 1676 509 1724 ueram,
529 1660 595 1724 quia
612 1659 705 1724 repleti
724 1665 785 1709 sunt
797 1659 885 1723 falsa.

313 1730 343 1792 6.
386 1728 471 1790 Ecce
505 1729 590 1791 enim
622 1748 690 1807 vos,
720 1735 756 1789 ut
788 1728 833 1790 ita
862 1726 978 1804 dicam,
1006 1721 1229 1808 particulares
1260 1717 1354 1784 Hildi·

230 1812 359 1894 brandi,
387 1834 447 1897 per
473 1811 531 1875 hos
560 1811 619 1875 142
646 1821 704 1874 aut
732 1831 771 1873 eo
799 1808 937 1895 amplius
969 1829 1071 1872 annos
1099 1805 1233 1893 proelia
1260 1813 1292 1869 et
1315 1824 1354 1866 se

231 1897 368 1961 ditiones
399 1896 510 1980 agitis,
541 1905 573 1959 et
605 1917 645 1958 ne
677 1893 782 1958 adhuc
816 1893 944 1978 quidem
977 1892 1052 1976 paci
1080 1889 1136 1955 vel
1167 1886 1355 1955 concordiae

229 1981 444 2067 acquiescitis,
476 1979 543 2061 sed,
570 1980 653 2042 sicut
678 1999 754 2041 vere
778 1978 824 2041 ait
846 1976 984 2041 Iacobus
1006 1973 1190 2060 apostolus,
1215 1971 1355 2039 occiditis

230 2077 259 2130 et
286 2066 406 2144 zelatis,
436 2064 634 2149 bellipcratis
663 2072 691 2126 et
712 2063 861 2147 litigatis.
908 2059 1005 2134 Quod
1026 2063 1058 2124 si
1079 2059 1188 2124 adum
1211 2076 1355 2123 amaran

231 2150 353 2213 bebetis
384 2159 413 2211 ct
441 2151 660 2212 contentiones
686 2149 724 2209 iu
754 2145 906 2208 cordibus
938 2147 1066 2224 uestris,
1100 2141 1219 2224 nolite,
1249 2139 1356 2226 inquit,

230 2233 375 2319 ploriari
397 2242 425 2294 et
447 2230 618 2294 mendaces
641 2253 706 2294 esse
730 2230 889 2294 aduersus
911 2231 1089 2292 ueritatem.
1125 2227 1210 2292 Non
1235 2235 1282 2289 est
1299 2227 1356 2289 ista

230 2317 398 2399 sapientia
427 2316 599 2379 desursum
627 2315 823 2378 descendens
852 2337 873 2376 a
897 2322 995 2397 patre
1016 2310 1196 2392 luminum,
1226 2309 1287 2374 sed
1305 2318 1357 2372 ter-

232 2421 324 2478 rena,
347 2396 515 2475 animalis,
537 2396 710 2461 diabolica.
761 2397 824 2460 Ubi
845 2399 931 2461 enim
952 2395 1040 2459 zelus
1063 2405 1093 2457 et
1116 2396 1298 2475 contentio,
1318 2389 1357 2454 ibi

232 2482 459 2545 inconstantia
481 2489 510 2541 et
531 2502 620 2543 omne
642 2503 725 2564 opus
744 2503 898 2562 pravum.
934 2478 1027 2553 Quae
1051 2489 1165 2544 autem
1190 2479 1357 2543 desursum

232 2573 279 2627 est
301 2565 480 2646 sapientia,
503 2565 648 2644 primum
672 2565 801 2649 quidem
820 2564 957 2648 publica
980 2572 1035 2642 est,
1057 2563 1186 2627 deinde
1204 2561 1358 2649 pacifica,

231 2647 388 2727 modesta,
418 2646 597 2727 accesibilis,
627 2648 720 2710 bonis
749 2649 961 2726 consentiens,
985 2645 1092 2730 plena
1126 2644 1359 2711 misericordia

233 2741 263 2794 ct
275 2729 447 2813 fructibus
469 2731 571 2810 bonis,
594 2731 751 2794 iudicans
767 2731 839 2794 sine
853 2730 1073 2812 simulatione,
1086 2729 1238 2814 fruetus
1262 2737 1358 2794 aaran

233 2815 382 2877 iustitiae
409 2816 445 2876 in
472 2835 556 2896 pace
583 2816 763 2878 seminatur
774 2813 983 2899 facientibus
1006 2837 1138 2901 pacem.
1194 2813 1301 2892 Unde,
1321 2811 1360 2872 in·

236 2897 315 2982 quit,
343 2895 426 2959 bella
453 2906 482 2959 et
503 2896 573 2960 lites
593 2899 631 2960 in
653 2897 764 2961 cobis?
806 2898 924 2962 Nonne
946 2897 1045 2961 binc?
1079 2895 1212 2963 scilicet
1234 2918 1280 2960 ex
1300 2891 1360 2958 zelo

234 3000 344 3043 amaro
381 2990 413 3044 et
445 2980 712 3061 contentionibus,
746 3002 828 3066 quae
860 2991 935 3046 sunt
966 2980 1001 3044 in
1034 2979 1196 3044 cordibus
1230 2973 1361 3045 vestris?

234 3064 411 3148 Propterea
440 3061 570 3149 quidam
601 3087 642 3127 ex
671 3072 762 3148 parte
784 3062 1009 3146 Hildebrandi,
1031 3063 1187 3129 scribens
1209 3062 1361 3150 grandem

234 3145 404 3234 epistolam
431 3168 491 3231 pro
521 3146 704 3211 defensione
729 3148 872 3211 eiusdem
897 3149 947 3212 sui
976 3147 1142 3232 Gregorii,
1175 3157 1317 3214 testatur
1334 3145 1362 3208 in

234 3230 369 3294 exordio
390 3229 562 3294 locutionis
584 3251 671 3310 suae,
693 3229 775 3295 nolle
796 3230 958 3295 auditores
981 3252 1057 3294 suos
1079 3231 1243 3316 salutare,
1267 3240 1361 3297 osten·

235 3314 315 3377 dens
345 3336 404 3399 per
430 3313 502 3392 hoc,
528 3311 759 3378 fraternitatem
787 3336 821 3377 se
849 3335 912 3378 non
935 3313 1080 3398 diligere,
1110 3317 1207 3402 quod
1230 3327 1284 3383 est
1303 3313 1363 3378 uni·

235 3404 335 3459 tatem
356 3417 422 3458 non
450 3415 574 3477 amare3
604 3397 659 3481 qui
685 3405 769 3461 certe
799 3396 942 3462 scribens
968 3399 1091 3484 ubique
1123 3411 1246 3466 contra
1269 3419 1363 3466 sacra·

234 3489 345 3541 menta
374 3477 497 3542 Christi
524 3487 555 3540 et
581 3478 742 3561 ecclesiae,
768 3482 950 3546 terminavit
977 3483 1177 3568 scripturam
1210 3506 1308 3549 suam
1332 3501 1363 3546 eo

239 3560 362 3624 scilicet
391 3559 550 3623 condendi
578 3563 735 3627 scismatis
765 3585 881 3647 errore,
911 3587 975 3651 quo
1004 3568 1131 3652 coepit3
1163 3579 1200 3634 et
1222 3569 1365 3635 nesciens

79 3650 298 3711 cananiaaut
328 3652 544 3722 contemnens,
577 3644 663 3727 quod
690 3647 811 3711 fructus
840 3650 981 3714 iustitiae
1010 3651 1044 3713 in
1073 3673 1161 3737 paco
1193 3656 1367 3719 seminatur

239 3723 433 3824 iacientibus
461 3745 583 3807 paoem,
611 3728 669 3790 ait:
701 3730 782 3811 Nos,
811 3734 896 3796 sicut
921 3737 1046 3799 iustum
1074 3746 1135 3819 est,
1158 3739 1367 3823 dffendimat

240 3815 363 3870 iustam
381 3815 510 3889 partem
528 3807 679 3894 Gregorii
701 3836 722 3875 a
737 3813 806 3879 Deo
830 3820 1001 3902 assumpti.
1040 3817 1101 3884 Sic
1118 3823 1253 3909 quippe
1268 3823 1369 3888 Sacra

94 973 123 1013 cf.
138 972 218 1012 Matth.

95 3910 230 3960 asanaa.
243 3888 424 3986 Scriptura
447 3889 582 3954 Genesis
604 3894 643 3957 de
655 3895 770 3992 ssnocb
792 3899 882 3979 elicit,
906 3902 993 3984 quod
1015 3900 1112 3967 illum
1131 3905 1232 3971 Deus
1255 3906 1368 3983 tulerit,

242 3992 489 4116 pppnppupfipiotn
513 3978 792 4123 appaaraitiffistsd
818 3983 975 4082 catholica
1003 3986 1149 4087 ecclesia
1179 3987 1370 4090 comprobat

471 4103 478 4134 ,
506 4077 567 4139 quo
616 4080 650 4120 m
690 4083 700 4121 1
724 4081 760 4123 ro
785 4062 826 4128 de
850 4077 972 4132 unitate
995 4070 1160 4137 ecclesiae
1185 4074 1370 4160 Cyprianus

245 4210 268 4261 a)
285 4213 312 4251 14
329 4233 354 4242 -
372 4214 439 4261 agtus
455 4225 528 4255 errore
543 4217 656 4267 mandato
671 4219 695 4259 tn
705 4220 751 4270 fine
766 4233 784 4262 e.
801 4225 821 4265 5.
834 4228 898 4274 pontt
915 4230 936 4271 1.
967 4231 994 4270 G.
1001 4231 1033 4270 W.

248 4331 277 4397 1)
296 4333 437 4398 Augustini
457 4335 547 4400 Opera
565 4339 612 4400 IV,
632 4340 657 4398 2,
676 4357 702 4405 p.
724 4342 802 4394 1401.
876 4347 905 4413 2)
926 4350 959 4400 1..
981 4368 1004 4402 c.
1025 4371 1053 4421 p.
1076 4357 1162 4412 1402.
