2812 4830
229 367 264 414 42
413 368 463 417 DE
482 366 641 417 UNITATE
660 364 866 417 ECCLESIAE
887 364 1166 418 CONSERVANDA.

313 534 343 597 2.
376 533 421 595 At
436 531 629 597 Hildebrant
651 553 737 618 papa
759 533 887 597 miscuit
911 555 944 596 se
959 533 1170 617 plurimorum
1194 533 1348 598 mortibus

230 616 487 698 christianorum,
500 618 697 682 succendens
709 613 830 701 ubique
841 617 991 681 incendia
1006 616 1163 681 bellorum
1178 639 1240 702 per
1251 627 1348 682 totum

228 723 331 786 paene
361 701 542 765 Romanum
571 702 752 786 imperium,
781 709 818 764 ut
844 723 907 765 non
938 711 1061 766 teneret
1082 701 1272 766 Henrichus
1295 724 1348 765 rex

229 807 364 871 regnum
394 784 506 850 aDeo
536 784 600 848 sibi
629 783 781 849 collatum
802 807 862 870 per
883 786 1101 850 successiones
1123 793 1258 872 patrum
1281 808 1347 850 suo-

229 891 311 935 rum.
343 869 407 949 Qui
423 869 520 932 etiam
540 870 574 932 in
596 891 691 933 usum
714 867 790 933 belli
812 869 968 933 conduxit
988 868 1104 934 milites
1125 871 1174 933 rei
1189 869 1348 956 publicae,

68 972 215 1024 amnas
231 975 303 1017 cum
342 952 515 1017 militantes
552 952 625 1019 Deo
661 953 706 1015 im
732 952 829 1016 licare
866 977 900 1019 se
936 975 1000 1017 non
1036 953 1177 1019 debeant
1214 956 1348 1041 negotiis

230 1037 448 1102 saecularibus
485 1039 578 1100 iuxta
606 975 810 1122 disciplinam
844 1037 1015 1120 ecclesiae,
1044 1047 1075 1102 et
1106 1047 1244 1123 propter
1279 1061 1347 1103 su·

228 1121 388 1208 plementa
417 1122 698 1207 stipendiariorum
728 1122 795 1185 sive
822 1121 989 1204 mercedis,
1021 1143 1080 1206 pro
1107 1143 1173 1221 qua
1203 1062 1347 1188 mercede

227 1207 296 1270 eius
316 1206 532 1270 militaverant
553 1215 665 1270 contra
685 1227 794 1289 regem
818 1206 1018 1292 eundemque
1064 1208 1215 1270 atncium
1237 1208 1347 1271 Roma·

228 1311 360 1372 norum,
397 1288 550 1375 spoliavit
587 1291 766 1354 Romanam
808 1288 975 1354 ecclesiam
1015 1228 1236 1354 chlotionibus
1277 1291 1347 1356 fide·

227 1374 316 1455 lium,
346 1375 463 1460 quibus
491 1375 644 1438 hactenus
672 1372 796 1438 solebat
820 1373 906 1437 alere
927 1373 993 1438 indi
1018 1375 1137 1439 entiam
1160 1395 1347 1461 pauperum,

229 1460 301 1545 qui,
329 1458 413 1522 sicut
445 1458 490 1523 ait
521 1458 713 1523 Laurentius
742 1466 886 1543 martyr1
916 1457 957 1522 ad
1021 1460 1144 1540 ecium,
1175 1469 1254 1524 sunt
1285 1459 1344 1525 the·

229 1543 318 1606 sauri
350 1543 488 1623 aeterni,
523 1544 579 1628 qui
610 1563 774 1627 nunquam
811 1542 1001 1606 minuuntur
1033 1551 1064 1607 et
1097 1555 1264 1624 crescunt,
1298 1543 1347 1629 qui

229 1627 263 1688 in
279 1626 414 1710 singulis
429 1635 642 1711 asperguntur
663 1634 695 1691 et
708 1626 742 1690 in
758 1625 929 1691 omnibusa
946 1627 1164 1710 inveniuntur,
1186 1629 1222 1690 in
1238 1627 1347 1714 quibus

229 1710 353 1776 scilicet
388 1710 543 1776 ecclesiae
579 1711 737 1776 thesauris
771 1732 847 1775 vere
883 1709 1032 1775 Christus
1068 1718 1126 1793 est,
1163 1712 1197 1774 in
1236 1710 1346 1797 quibus

230 1794 351 1860 Christi
377 1793 457 1859 fides
486 1803 544 1859 est.
589 1797 689 1880 Segne
713 1795 780 1859 avit
805 1795 901 1858 etiam
925 1795 986 1860 sibi
1008 1795 1049 1860 ab
1072 1793 1212 1860 ecclesia
1234 1795 1345 1882 pleros·

230 1901 293 1964 que
322 1880 492 1967 episcopos
521 1888 617 1965 atque
647 1817 792 1959 abietes,
822 1877 861 1942 de
890 1901 925 1943 re
947 1878 1077 1964 publica
1099 1889 1210 1943 autem
1235 1879 1346 1965 pleros·

229 1984 291 2049 que
314 1964 414 2028 duces
434 1974 531 2049 atque
552 1963 696 2044 comites,
717 1973 753 2027 ut
774 1965 838 2026 iam
860 1984 925 2026 non
945 1964 1011 2027 sint
1030 1985 1131 2026 unum
1160 1985 1279 2049 corpus
1300 1961 1346 2027 vel

69 2045 384 2122 cr.sor.4,sa.ecclesiae
406 2046 457 2112 vel
478 2050 525 2113 rei
547 2047 709 2134 publicae,
730 2057 762 2112 et
784 2056 905 2112 utnon
928 2048 969 2111 sit
986 2045 1201 2112 multitudinis
1224 2047 1346 2112 creden·

229 2133 311 2197 tium
338 2153 395 2196 cor
420 2155 520 2196 unum
549 2143 581 2196 et
606 2132 714 2196 anima
735 2153 800 2195 una
821 2130 999 2196 secundum
1020 2130 1230 2218 disciplinam
1254 2131 1345 2197 eccle·

229 2218 306 2298 siae,
329 2215 386 2280 sed
408 2216 472 2279 sint
494 2215 671 2280 secundum
694 2216 854 2280 comicum
878 2223 957 2300 quot
977 2214 1122 2280 homines
1150 2224 1200 2280 tot
1228 2226 1345 2281 senten-

229 2303 293 2365 tiae
303 2311 325 2364 ².
369 2299 433 2364 Pro
463 2300 513 2363 his
543 2311 575 2364 et
596 2299 780 2363 huiusmodi
802 2301 920 2364 meruit
939 2297 1012 2363 talis
1034 2299 1232 2366 Hildebrant
1253 2301 1345 2365 domi·

228 2406 289 2447 nus
322 2382 519 2468 apostolicus
552 2383 733 2468 Gregorius
765 2382 922 2482 appellari
951 2392 985 2448 at
1008 2405 1048 2448 ue
1075 2385 1109 2446 in
1142 2384 1294 2450 doctrina
1320 2391 1345 2449 et

229 2468 470 2532 conversatione
499 2466 672 2531 catholicus
699 2467 842 2547 inscribi,
875 2477 907 2532 et
927 2405 1015 2552 apdd
1034 2468 1140 2553 ipsum
1164 2480 1266 2554 atque
1288 2469 1345 2553 epi·

229 2571 345 2636 scopos
366 2553 378 2614 i
403 2553 469 2615 siu's
491 2573 561 2616 esse
583 2551 752 2616 ecclesiam
768 2552 832 2615 Dei
854 2560 886 2615 et
907 2552 1062 2616 iustitiam
1077 2552 1151 2616 Dei.
1185 2554 1244 2618 Sic
1267 2555 1344 2618 enim

228 2637 365 2699 interm
401 2644 434 2699 ta
455 2634 518 2699 alia
540 2638 694 2721 seriptum
717 2645 843 2700 tenetur
864 2637 898 2699 in
916 2635 1052 2721 epistola
1073 2645 1189 2702 contra
1204 2636 1344 2702 (ilemen-

228 2729 294 2783 tem
323 2739 453 2805 papam,
474 2741 578 2868 guam
606 2720 785 2820 reperimus
811 2721 978 2806 scripsisse
1005 2718 1169 2806 quandam
1197 2720 1344 2787 infamem

67 2823 134 2864 nom.
145 2822 218 2875 1o‚1o.
229 2824 400 2889 personam
408 2813 430 2865 ³.
493 2808 595 2891 pitur,
624 2804 738 2906 inquit,
768 2807 935 2889 quonium,
959 2806 1043 2869 sicut
1066 2806 1239 2888 apostolus
1261 2807 1342 2886 dicit,

231 2889 326 2952 corde
348 2889 493 2952 creditur
515 2890 560 2953 ud
573 2891 744 2962 iustitium,
767 2910 820 2952 ore
836 2898 942 2953 autem
958 2889 1117 2973 confessio
1131 2890 1177 2972 fit
1199 2892 1248 2955 ad
1263 2889 1342 2954 solu·

67 2991 220 3044 a.cor.4‚1s.
230 2981 300 3054 tem,
328 2981 358 3036 et
384 2995 443 3036 uos
470 2974 641 3055 credimus,
658 2981 799 3058 propter
821 2973 913 3058 quod
930 2982 959 3035 et
980 2972 1157 3058 loquimur,
1180 2975 1342 3040 domiuum

231 3056 445 3141 apostolicum
462 3056 659 3144 Greport'um
681 3059 718 3120 iu
741 3057 893 3120 doctriua
908 3066 937 3120 et
952 3059 1199 3123 corruersatioue
1215 3057 1343 3124 catholi-

228 3165 309 3206 cum.
352 3140 397 3206 Et
422 3142 554 3206 iterum:
584 3142 651 3207 Sed
678 3164 744 3205 uon
763 3141 1095 3224 praetermittendum,
1123 3141 1243 3228 inquit,
1266 3139 1343 3228 quod

234 3226 425 3311 Wipberdus
460 3249 492 3290 se
525 3249 651 3291 seruum
686 3247 851 3289 servorum
881 3225 948 3289 Dei
976 3225 1126 3289 nominat
1153 3227 1342 3304 mentiendo,

227 3320 376 3374 sunctum
390 3333 466 3373 vero
480 3320 615 3374 matrem
630 3308 806 3390 ecclesium,
827 3309 924 3373 idest
937 3308 1029 3390 filios
1049 3309 1125 3391 Dei,
1148 3313 1208 3394 qui
1228 3311 1343 3395 spiritu

227 3394 293 3457 Dei
326 3402 485 3478 epuratur,
518 3416 656 3477 quorum
689 3393 891 3457 conuersatio
923 3395 961 3456 iu
990 3392 1090 3456 coelis
1121 3402 1179 3473 est,
1209 3404 1342 3459 satanae

227 3499 434 3563 ayuapopom
450 3476 627 3560 appellent
650 3476 736 3541 Ecce
751 3476 835 3540 enim
851 3476 993 3562 episcopi
1005 3474 1223 3541 Hildebrandi
1235 3497 1342 3565 papae,

228 3582 302 3624 cum
325 3561 388 3624 sint
408 3558 522 3644 procul
544 3558 643 3624 dubio
666 3581 835 3645 corporum
859 3562 980 3645 pariter
1002 3569 1033 3624 et
1047 3561 1231 3624 animarum
1251 3561 1343 3626 homi·

228 3644 331 3725 uidae,
353 3664 523 3729 corporum
539 3644 678 3729 quidem,
724 3647 852 3708 uoniam
866 3645 939 3731 ipsi,
954 3652 1064 3730 utpote
1079 3646 1141 3709 viri
1156 3647 1344 3731 sanguinum

228 3735 261 3791 et
287 3725 400 3809 dolosi,
431 3728 481 3791 usi
514 3739 589 3794 sunt
618 3666 766 3794 manihus
797 3729 857 3793 sibi
888 3728 1134 3814 obsequentium
1163 3729 1208 3794 ad
1238 3751 1343 3797 necem

226 3810 449 3896 plurimorum,
472 3812 651 3876 animarum
673 3824 791 3896 autem,
813 3813 965 3899 quoniam
989 3813 1178 3878 occiderunt
1192 3820 1344 3902 quotquot

227 3904 458 3981 separaverunt
485 3896 526 3962 ab
553 3898 675 3962 unitate
702 3895 878 3962 catholicae
905 3897 1070 3980 ecclesiae,
1100 3899 1257 3998 quoniam
1286 3896 1344 3963 ‘filii

102 3993 140 4034 1²⁸·
151 3991 186 4044 ⁶6,
195 3991 217 4033 ⁶·
226 3979 404 4063 hominum,
434 3980 546 4046 dentes
575 4002 687 4045 eorum
713 4003 802 4046 arma
828 3989 860 4046 et
881 3983 1027 4066 sagittae,
1050 3991 1082 4047 et
1102 3981 1217 4068 hngua
1239 4003 1343 4050 eorum

227 4062 354 4148 gladius
383 4064 515 4146 acutus,
545 4064 654 4152 quales
684 4066 797 4131 merito
831 4066 981 4130 dicuntur
1013 4087 1180 4153 synagoga
1202 4078 1343 4133 satanae:

228 4195 250 4246 a)
266 4196 298 4235 ua
314 4195 364 4243 Ad„
380 4197 496 4237 montibus
513 4199 533 4239 1.

230 4294 255 4355 1)
271 4291 312 4344 Of.
326 4290 427 4344 Adonis
440 4293 626 4359 Martyrolog,
639 4296 708 4344 Acta
721 4292 771 4346 SS.
785 4295 898 4360 August.
911 4295 949 4359 11,
964 4314 990 4362 p.
1003 4293 1064 4346 518.
1080 4296 1143 4346 519.
1207 4294 1236 4360 2)
1251 4296 1342 4347 Taran-

227 4367 288 4427 tius‚
314 4366 439 4417 Phormio
465 4366 490 4429 2,
510 4369 536 4416 4.
566 4369 607 4418 14.
691 4369 719 4432 3)
746 4366 945 4429 0f.1.111,c.
967 4372 994 4421 2.
1082 4366 1112 4434 4)
1140 4367 1184 4422 Oi.
1207 4368 1343 4438 epistulam

229 4438 383 4504 Clementis,
403 4439 474 4491 Jaffe
493 4441 526 4499 V,
548 4441 608 4491 145.
630 4446 656 4491 et
677 4441 737 4492 150.
