2804 4830
256 343 306 394 DE
327 342 485 394 UNITATE
504 341 710 395 securem:
732 343 1010 400 OONSERVANDA.
1169 347 1205 399 55

80 512 210 578 occisus
239 521 297 593 est,
327 510 475 596 proximo
504 509 621 574 dehinc
649 532 733 574 anno
762 522 896 610 uterque
924 511 1024 595 locus,
1055 516 1110 600 qui
1137 525 1282 583 eratrosr.
1339 545 1341 549 ’

79 596 248 682 particeps
277 605 309 660 et
339 593 503 658 electionis
532 605 564 658 et
593 595 802 661 ordinationis
829 618 907 677 erus,
934 620 976 661 ex
998 598 1063 662 Dei
1084 599 1205 664 iudicio

79 704 140 767 per
155 681 266 765 ignem
287 687 498 764 consumptus
521 688 578 743 est.
610 679 694 742 Nam
717 701 797 765 opus
819 679 897 745 illud
921 682 1103 767 speciosum
1120 683 1206 750 Hen-

79 764 165 829 richi
186 763 274 849 regis
296 762 428 828 secundi
451 771 482 827 et
504 763 706 910 imperatoris
728 764 834 849 primi,
857 763 978 829 scilicet
1000 765 1205 852 Babenberg,

79 851 116 912 in
143 848 236 912 cuius
262 847 426 932 episcopio
453 846 505 910 ille
527 855 646 911 eeetus
669 858 725 929 est,
750 848 835 995 ignis
858 851 1058 998 consumpsit
1079 850 1112 913 in
1134 851 1205 917 sab-

80 933 159 997 bato
182 941 295 997 sancto
316 953 446 1030 pascae,
469 941 566 1015 caput
588 940 695 995 autem
719 931 844 996 Gallae
865 942 962 1018 atque
1018 935 1179 999 ermaniae
1193 937 1302 1006 mpii.

79 1016 285 1102 Mognntiam
300 1014 445 1081 similiter
458 1016 542 1101 ignis
558 1016 758 1101 consumpsit
771 1014 854 1079 infra
869 1025 1074 1101 pentecosten
1089 1018 1202 1084 eodem
1213 1042 1306 1084 nese.

79 1122 177 1181 anno,
194 1101 250 1186 qui
264 1110 340 1164 tunc
355 1108 424 1164 erat
440 1100 546 1163 1081.ει
567 1100 797 1163 incarnationis
812 1099 1003 1166 dominicae.
1040 1102 1101 1167 Ubi
1115 1126 1204 1168 nnnc
1214 1125 1369 1179 nemea.

80 1194 137 1267 eet,
154 1184 270 1266 Israel,
292 1206 351 1248 ren
372 1182 471 1248 tuns?
494 1183 572 1247 dicit
586 1183 756 1265 Dominus,
779 1192 808 1248 et
827 1185 884 1248 nbi
898 1195 972 1249 sunt
986 1187 1113 1251 indices
1132 1186 1203 1251 tui?

82 1293 168 1355 quae
201 1270 337 1333 dixisti:
370 1268 427 1332 Da
460 1268 544 1332 milri
575 1290 682 1353 regern
714 1277 743 1331 et
759 1270 943 1353 principes.
987 1269 1061 1353 Ipsi
1082 1275 1335 1356 qnippemeeae.

80 1362 315 1440 regnaverunt,
348 1362 377 1416 et
408 1375 475 1416 non
508 1374 549 1415 erc
580 1375 629 1416 rne
656 1355 831 1437 principes
863 1354 1048 1435 actiterunt,
1078 1365 1106 1418 et
1136 1377 1204 1419 non

79 1439 231 1525 cognovi,
255 1435 334 1501 dicit
354 1435 514 1500 Dominus
538 1437 748 1501 exercituum.

170 1520 220 1584 10.
263 1521 400 1585 Peracta
420 1542 509 1602 vero,
532 1522 617 1584 sicut
638 1520 759 1584 dictum
783 1529 840 1602 est,
863 1520 990 1585 Rudolfi
1011 1543 1045 1584 rc
1070 1523 1097 1585 is
1124 1519 1204 1586 elec·

80 1606 170 1672 tione
191 1604 314 1690 pariter
335 1613 367 1669 et
388 1604 588 1669 ordinatione
610 1626 667 1689 per
688 1605 867 1690 episcopos,
896 1604 937 1669 de
960 1542 1104 1690 qualidet
1125 1605 1205 1670 dicit

80 1712 142 1777 per
161 1688 355 1776 prophetam
369 1687 545 1752 Dominus:
568 1690 692 1752 Manus
714 1699 839 1753 vestrae
855 1688 1005 1773 pollutae
1026 1698 1104 1754 eunt
1124 1709 1325 1763 sarracenae.

80 1777 184 1862 peine
207 1783 236 1836 et
258 1774 357 1859 arpen
378 1775 478 1836 uestri
498 1775 688 1859 inquinati:
723 1782 861 1856 peracta,
884 1773 1026 1857 inquam,
1048 1772 1204 1838 electione

80 1856 180 1922 simul
209 1866 241 1922 et
273 1857 450 1942 sanguinea
482 1854 567 1920 illius
600 1856 809 1938 ordinatione,
844 1855 961 1941 quibus
993 1857 1205 1922 interfuerant

80 1941 266 2028 legatique
291 1939 568 2006 ueHildebrandi
596 1962 710 2026 papae,
738 1961 803 2003 non
832 1938 930 2004 multo
957 1948 1032 2025 post
1052 1963 1204 2005 reversus

80 2037 131 2091 est
158 1962 342 2089 Henriilrus
370 2047 429 2090 rex
459 2024 499 2089 de
528 2024 674 2111 partibus
700 2024 822 2101 Italiae,
852 2045 915 2109 quo
945 2033 1133 2109 perrexerat
1161 2023 1204 2089 ad
1215 2043 1282 2087 rore.

81 2110 337 2176 satisfactionem
359 2107 410 2172 vel
431 2109 474 2173 ad
496 2108 741 2194 supplicandum
765 2107 870 2173 eidem
891 2109 1036 2172 Romano
1059 2108 1204 2194 pontifici

60 2196 142 2281 'pro
170 2215 251 2280 pace
280 2191 331 2258 vel
358 2193 512 2258 ecclesiae
540 2192 593 2257 vel
618 2193 666 2257 rei
686 2193 845 2277 publicae.
888 2193 928 2256 In
950 2193 1041 2255 cuius
1064 2192 1205 2258 adventu

81 2283 116 2344 in
140 2278 349 2344 Germaniam
371 2277 507 2363 dispersi
529 2287 602 2342 sunt
623 2277 745 2340 inimici
768 2277 836 2342 eius
860 2285 891 2339 et
912 2276 1064 2360 fugerunt
1085 2299 1105 2340 a
1121 2276 1204 2340 faeie

82 2365 162 2444 eius,
196 2361 344 2426 abierunt
366 2385 406 2425 ue
439 2361 571 2446 quidam
602 2362 642 2425 de
670 2362 779 2446 episco
805 2361 831 2424 is
863 2361 897 2423 in
924 2360 1100 2425 Saxoniam
1129 2382 1204 2424 cum

81 2469 159 2532 rege
189 2467 247 2510 suo
269 2383 416 2527 Rudidfo,
447 2445 579 2531 qnidam
610 2456 716 2510 autem
745 2466 765 2508 a
816 2456 967 2510 montana
999 2454 1031 2510 et
1059 2445 1203 2510 civitates

81 2531 234 2612 munitas,
256 2529 382 2594 dicente
404 2529 560 2615 apostole,
587 2532 678 2615 quia:
708 2531 881 2612 Principes
909 2553 976 2594 non
998 2540 1073 2593 sunt
1094 2532 1208 2594 tirnori¹

83 2618 164 2681 boni
186 2616 306 2698 operis,
327 2615 385 2679 sed
404 2614 494 2678 ntuli.
540 2614 682 2679 Recolite
704 2636 791 2678 nunc
813 2613 1041 2678 Montanorum
1071 2622 1202 2696 sectam,
1212 2635 1279 2680 nom.
1289 2635 1354 2690 rsa

81 2698 289 2764 immodicam
311 2697 387 2763 fidei
406 2706 440 2762 et
454 2698 627 2784 patientiae
651 2698 898 2776 observantiam,
921 2700 1006 2784 quia,
1030 2721 1104 2762 cum
1125 2707 1203 2762 tem-

81 2805 163 2884 pore
177 2783 409 2869 persecutionis
424 2781 583 2867 fugissent
627 2783 736 2846 uidam
758 2784 792 2845 in
809 2792 962 2846 montana
984 2791 1016 2847 et
1036 2783 1204 2848 latuissent

81 2891 116 2932 m
137 2866 314 2948 montibus,
336 2866 432 2930 divisi
453 2889 511 2952 per
532 2867 593 2930 hoc
639 2887 811 2951 ecorpore
835 2865 998 2948 ecclesiae,
1030 2867 1108 2931 dicti
1129 2876 1205 2932 sunt

81 2951 227 3018 montani
250 2950 391 3032 heretici,
414 2951 499 3015 sicut
520 2951 554 3013 in
571 2948 697 3014 alibro
721 2949 987 3034 etymologiarum
1010 2951 1122 3014 scribit
1144 2948 1203 3014 Isi-

80 3038 182 3102 dorus
210 3036 380 3121 episcopus
389 3046 410 3101 ².
456 3033 522 3099 Sed
542 3031 735 3098 Hildebrant
765 3043 796 3098 et
823 3054 900 3096 suae
922 3034 1023 3117 partis
1046 3035 1202 3119 episcopi,

83 3121 203 3208 quibus
231 3141 251 3183 a
277 3141 352 3204 rege
380 3117 544 3185 Henricho
573 3139 668 3202 saepe
695 3139 763 3203 pax
788 3114 896 3180 oblata
928 3124 978 3179 est
1005 3124 1036 3180 et
1070 3119 1203 3183 minime

81 3214 224 3290 recepta,
247 3203 424 3269 diviserunt
445 3227 479 3268 se
495 3209 609 3288 sponte
632 3222 690 3265 sua
712 3202 753 3266 ab
768 3201 890 3265 unitate
913 3198 1088 3265 catholicae
1103 3200 1203 3264 eccle·

82 3292 160 3370 siae,
182 3289 407 3374 fugientesque
428 3289 462 3350 in
484 3288 677 3351 munitiones
698 3296 795 3372 atque
817 3293 979 3365 montana,
1004 3283 1204 3369 reliquerunt

82 3372 235 3439 ecclesias
263 3393 337 3436 suas
364 3372 489 3457 absque
517 3370 716 3457 speculatore
744 3379 775 3435 et
805 3391 881 3434 oves
909 3367 1032 3453 absque
1061 3377 1201 3454 pastore,

80 3458 238 3542 eligentes
258 3456 366 3542 potius
387 3455 501 3539 fugere
522 3456 564 3520 ad
586 3467 726 3521 montem
749 3476 910 3539 magnum,
933 3475 1029 3539 quem
1068 3454 1205 3518 remittit

80 3542 245 3606 Dominus
274 3562 332 3626 per
359 3539 553 3625 prophetam
574 3540 763 3604 Zachariam
786 3560 895 3603 coram
916 3475 1097 3602 Zorobaiel
1118 3536 1341 3615 duceremur.

81 3626 201 3690 Iudam
236 3626 271 3689 in
305 3622 437 3709 planum
474 3623 600 3705 deduci,
661 3646 735 3687 uam
772 3621 945 3687 ascendere
980 3620 1023 3685 ad
1058 3630 1200 3686 montem

82 3710 227 3791 Domini,
250 3709 290 3773 de
305 3730 369 3794 quo
385 3709 506 3773 factum
529 3717 577 3773 est
591 3709 632 3772 ad
689 3708 808 3771 esaiam
831 3706 967 3772 verbum
988 3705 1136 3770 Domini:
1158 3707 1311 3785 Emesa.

81 3797 155 3874 erit,
175 3794 334 3880 inquiens,
357 3797 395 3857 in
410 3794 598 3858 novissimis
614 3792 726 3857 diebos
737 3802 966 3876 praeparatus
981 3813 1073 3854 mons
1088 3791 1202 3854 dornns

43 3922 45 3929 ,
82 3879 223 3943 Domini
244 3880 282 3942 in
299 3879 415 3942 vertice
429 3880 595 3956 montium,
640 3875 728 3940 uales
744 3875 934 3960 ‘suscipiunt
948 3885 1072 3938 montes
1087 3894 1327 3959 pammenius.

83 3961 202 4048 populo
229 3971 262 4028 et
290 3959 386 4026 colles
415 3961 589 4031 iustitiam'.
666 3961 698 4026 bi
726 3961 810 4025 enim
839 3980 916 4044 pax,
944 3959 990 4023 ibi
1017 3968 1049 4023 et
1069 3958 1202 4040 iustitia,

85 4087 191 4140 e)10'll.
210 4090 231 4129 1.

86 4185 113 4248 1)
136 4185 277 4250 Mognntis
303 4191 383 4251 ceput
402 4183 508 4236 Galliae
529 4188 556 4234 et
575 4183 734 4235 Germaniae
754 4181 914 4249 appellatur,
940 4183 1003 4248 quia
1022 4181 1101 4234 sedes
1120 4180 1202 4230 Boni·

85 4257 158 4322 lacii,
185 4258 270 4324 legati
299 4257 441 4323 apostolici
467 4273 576 4309 munere
599 4256 695 4323 induti,
716 4262 780 4308 erat.
884 4256 911 4320 2)
931 4257 1031 4308 Isidori
1050 4257 1139 4322 Opera
1159 4251 1202 4304 ed.

86 4331 201 4384 Arevalo
220 4332 274 4397 111,
293 4348 319 4399 p.
340 4332 402 4383 355.
