2812 4830
155 310 208 360 tto
336 311 387 361 DE
405 309 565 361 UKITATE
584 309 790 362 scemam:
811 309 1088 362 coxsaltvanma.

149 482 310 549 quibuslibet
328 483 479 534 mantibus
496 483 718 549 reprehendenda
735 489 807 545 sant,
825 483 874 534 scd
891 500 967 534 error
983 484 1114 549 ipsorum,
1131 481 1161 532 in
1178 482 1279 548 audias

150 565 176 609 et
190 557 352 608 sacramenti
370 557 508 625 iussorum
524 558 672 609 honoratur
689 565 714 608 et
725 558 819 607 mentis
837 557 946 607 sanitas
960 559 1126 608 eamdam.

234 626 266 689 3.
287 623 428 688 Proinde
443 623 594 689 Clemens
607 645 693 710 papa
707 627 817 708 arguit
831 645 896 705 cos,
912 626 969 710 qni
983 624 1077 688 aliter
1088 623 1224 686 credant
1235 623 1279 686 de

150 707 231 793 ipsis
243 709 454 771 sacramentis
466 707 587 773 Christi
597 720 630 773 et
640 707 805 789 ecclcsiae,
815 719 1003 788 asserentes,
1018 731 1058 773 ea
1068 717 1161 773 extra
1175 706 1280 771 eccle-

150 794 235 856 siam
255 801 457 856 sacramenta
477 814 543 856 non
558 815 638 874 esse,
660 795 717 878 qai
738 794 846 873 etiam,
868 813 941 856 cnm
961 793 1060 857 fidem
1082 791 1279 856 catholicam

150 896 217 940 non
243 875 394 957 habeant,
421 898 493 940 sese
519 875 696 941 catholicos
724 875 901 963 appellant,
929 886 1053 943 ceteros
1075 888 1196 957 autem,
1218 877 1279 962 qni

150 958 252 1024 muita
274 960 393 1024 rectius
414 982 513 1046 quam
534 961 599 1048 ipsi
620 959 765 1042 credunt,
787 960 946 1026 hereticos
961 972 1059 1048 atque
1074 960 1280 1025 scismaticos

150 1065 222 1108 esse
243 1043 430 1109 diiudioent.
473 1045 653 1110 Sciendum
674 1069 761 1127 aero,
782 1046 943 1131 inquiunt,
964 1047 1053 1131 qaod
1069 1046 1277 1132 Wiqbertus¹

150 1129 267 1214 arquit
293 1128 468 1194 catholicos
498 1151 642 1194 asserere
671 1130 732 1193 ida
758 1153 842 1214 quae
861 1130 955 1212 finnt
983 1142 1079 1195 satra
1106 1129 1279 1195 ecclesiam

149 1223 361 1279 sacramenta
388 1236 457 1279 non
485 1235 551 1277 esse
579 1237 638 1279 nec
666 1214 763 1279 aliud
790 1224 910 1299 quam·
930 1217 1177 1279 damnationem
1204 1216 1276 1277 cui-

151 1319 250 1382 quam
268 1297 428 1382 conferre,
451 1307 615 1380 astruens,
635 1308 704 1362 tam
725 1308 819 1362 ectra
841 1322 941 1385 quam
962 1303 1055 1363 intra
1078 1298 1276 1363 catholicam

151 1379 318 1445 melesiam
342 1383 554 1446 haecomnia
579 1391 655 1446 rata
684 1392 714 1445 et
734 1405 810 1448 vera
832 1385 979 1465 nistera,
1008 1386 1208 1467 assumitque
1237 1384 1275 1446 in

151 1467 365 1529 testimoniam
388 1469 582 1530 assertionis
603 1489 684 1530 suae
705 1467 890 1552 Auqustini
916 1471 1110 1532 sententiam
1137 1469 1174 1530 in
1196 1489 1273 1551 quo·

153 1548 231 1613 dam
251 1557 398 1614 tractatu
418 1552 457 1615 in
478 1551 687 1636 euanqelium
701 1552 865 1616 Iohannis
886 1561 1003 1616 contra
1017 1553 1275 1638 rebaptizatores

152 1632 275 1696 editam
284 1644 306 1695 ².
340 1634 403 1697 ‘Ita
425 1636 524 1719 erpo',
545 1637 655 1720 inquit
671 1636 892 1721 Anqustinus,
914 1642 982 1701 ‘nec
993 1637 1089 1719 foris
1110 1639 1196 1700 sicut
1216 1659 1273 1700 nec

152 1717 245 1779 intas
274 1719 449 1802 quisquam
477 1720 536 1803 qui
563 1742 604 1782 eu
624 1729 724 1804 parte
752 1720 877 1785 diaboli
898 1730 945 1785 est
960 1730 1068 1804 potest
1096 1720 1147 1783 oei
1173 1721 1211 1783 in
1240 1743 1273 1782 se

152 1799 202 1864 acl
229 1801 267 1865 in
290 1824 453 1886 quoquam
478 1803 647 1868 maculare
675 1814 927 1881 sacramentum,
971 1805 1039 1869 uod
1062 1805 1188 1870 dimisti
1208 1805 1271 1867 cst’.

155 1881 261 1958 Quam
293 1895 323 1948 et
352 1908 422 1967 nos,
455 1886 616 1970 inquiunt,
656 1891 849 1953 sententiam
869 1829 1016 1971 fideliter
1048 1889 1272 1974 amplectentes

151 1970 396 2054 respondemus,
418 1971 476 2034 isac
492 1971 717 2057 Auqustinum
739 1973 874 2054 desolo,
897 1975 984 2037 unde
1004 1983 1083 2037 tunc
1102 1973 1272 2059 ayebatur,

152 2051 307 2137 baptismi
332 2055 457 2118 dixisse
484 2066 698 2121 sacramento.
741 2055 859 2122 Notata
886 2056 1031 2139 obsecro,
1058 2065 1168 2121 notate
1189 2067 1273 2121 utro·

152 2157 288 2222 rumque
302 2135 412 2219 verba,
434 2149 471 2203 ut
490 2141 613 2224 pariter
633 2139 840 2226 proficiamus
860 2140 974 2205 infide
989 2141 1164 2223 catholiam
1187 2139 1273 2227 quod

151 2220 245 2284 nobis
259 2231 422 2306 praestare
437 2223 589 2308 dignetur
609 2225 666 2311 qui
681 2225 750 2290 sine
764 2225 828 2290 fine
843 2227 925 2290 vivit
945 2237 978 2291 et
998 2227 1129 2312 regnat!
1156 2226 1270 2289 Amen.

151 2383 176 2435 a)
192 2385 296 2435 aliquam
313 2388 339 2436 13
354 2387 392 2425 sat
405 2387 434 2436 cf.
451 2384 512 2436 aare
528 2387 551 2434 V,
566 2399 591 2437 p.
608 2389 659 2428 147.

155 2527 181 2590 ι)
202 2526 245 2580 cs.
263 2527 310 2578 m.
329 2527 368 2594 11,
399 2544 423 2578 s.
442 2530 468 2582 4.
544 2529 574 2595 2)
595 2529 636 2581 cs.
655 2530 799 2596 sugam
818 2533 908 2598 opera
927 2532 976 2591 1v,
995 2550 1023 2598 p.
1044 2532 1105 2585 124.

569 2786 866 2794 ———-—-—-

390 2967 620 3074 'monam
642 3009 701 3072 sn
724 3008 1028 3075 conclamans.

226 3134 253 3182 p.
268 3116 293 3180 2,
313 3133 339 3169 n.
356 3119 380 3166 1.
395 3118 452 3169 dele
470 3119 526 3182 111,
542 3122 566 3171 1.
587 3147 621 3156 -
642 3137 668 3184 p.
684 3118 700 3166 8
715 3135 768 3183 pro
788 3120 822 3169 ‘ct
832 3118 954 3184 fortasse
972 3119 1031 3170 idea
1052 3119 1104 3170 ait:
1121 3118 1183 3170 nors'
1203 3122 1273 3189 leae:

152 3196 177 3243 et
187 3190 308 3255 fortasse
327 3191 396 3255 ideo,
416 3195 462 3257 ait,
481 3210 545 3243 non.
564 3221 596 3230 -—
614 3210 641 3258 p.
655 3193 697 3244 14.
719 3193 756 3242 ad
775 3194 924 3244 Domitiam
939 3209 1011 3258 pane
1029 3202 1134 3244 notam:
1152 3195 1192 3244 Rs
1205 3211 1272 3246 vera

152 3265 184 3316 L.
203 3265 324 3317 Licinias
344 3265 466 3318 Crassus.
495 3267 549 3318 Sed
569 3267 638 3318 hacc
659 3282 691 3315 ex
710 3266 869 3331 Hieronymi
889 3283 931 3333 cp.
950 3267 993 3330 52,
1015 3267 1039 3317 7.
1060 3266 1183 3318 desumta
1201 3275 1272 3330 sant,

151 3338 199 3390 abi
216 3341 270 3389 iam
289 3339 361 3390 idem
381 3355 461 3392 error.
