2812 4830
189 343 225 406 88
373 341 424 391 DE
444 339 604 392 UNITATE
627 336 831 389 ECOLESIAE
852 335 1128 388 CONSERVANDA.

186 515 237 584 qai
249 511 398 580 abditiori,
417 511 540 565 catholici
557 512 601 564 oel
612 510 752 563 ortltodoci
763 509 943 575 nominantur,
962 509 992 562 id
1004 517 1042 562 cst
1056 509 1217 578 intepritatis
1230 517 1305 562 casto·

190 590 238 643 cles
263 597 288 640 et
311 594 386 640 recta
409 594 546 639 sectantes.
584 584 660 636 Haec
685 584 754 636 erim
780 584 888 636 ecclesia
912 583 1043 635 catholica
1057 599 1109 650 per
1128 590 1211 636 totum
1228 584 1307 637 orbem

191 660 282 714 aalide
306 661 410 727 lateque
433 659 537 726 diſj'usa
562 658 647 709 utitur
671 656 708 708 acl
728 657 867 724 profectas
892 673 954 708 suas
983 655 1104 708 amoribus
1133 656 1307 722 marsitas,

191 742 315 797 ancnoris
332 742 451 810 Spiritus
470 737 556 793 sancti
568 740 674 792 docente
692 739 725 790 dc
738 737 866 790 omnibus.
895 723 1026 788 Praeter
1040 722 1124 787 hane
1146 723 1309 790 ecclesiam

191 813 376 899 quicunque
398 817 456 891 est,
479 808 636 894 Spiritum
658 816 807 871 sanctum
829 807 940 893 utique
960 829 1026 871 non
1047 806 1157 889 habet,
1179 808 1310 896 ideoque

191 917 251 982 per
278 915 414 980 pravam
441 913 556 957 manus
583 891 824 977 impositionem
851 889 1014 956 damnatio
1042 892 1072 956 ei
1095 892 1239 977 offertur,
1261 893 1311 981 qui

191 981 314 1067 absque
341 978 426 1043 dono
449 976 589 1062 Spiritus
611 976 714 1039 sancti
741 975 916 1040 ordinatur.
960 975 1057 1056 Quod
1077 977 1112 1040 in
1134 999 1235 1064 supra
1253 1001 1312 1042 me-

192 1071 388 1129 moratorum
411 1083 539 1149 quoque
562 1060 799 1146 cpiscoporum,
828 1069 951 1125 utnon
973 1060 1080 1126 dicam
1103 1062 1312 1127 consecratio-

192 1147 299 1230 nibus,
329 1147 388 1212 sed
414 1144 674 1211 execrationibus
700 1144 821 1208 factum
844 1165 915 1209 esse
936 1144 1101 1243 probatur,
1128 1148 1186 1232 qni
1210 1155 1314 1211 contra

193 1254 303 1298 sacros
317 1252 457 1296 canones
480 1229 596 1314 spiritu
610 1229 674 1294 Dei
693 1227 838 1293 conditos
859 1229 894 1291 in
908 1226 1022 1294 ahenis
1036 1229 1219 1316 parrochiis
1235 1230 1314 1295 ordi·

192 1318 340 1382 nationes
370 1313 623 1395 celebraverunt,
652 1313 708 1399 qui
736 1312 832 1377 etiam
860 1323 972 1377 contra
1001 1335 1193 1379 consensum
1225 1315 1314 1380 simul

193 1410 225 1467 et
252 1409 364 1466 contra
393 1396 597 1482 disciplinam
626 1395 802 1461 catholicae
829 1395 984 1461 ccclesiae
1005 1399 1134 1484 privata
1156 1399 1221 1465 sibi
1243 1421 1313 1463 con-

192 1483 355 1551 venticula
376 1483 623 1562 constituerunt,
646 1479 788 1567 qualium
804 1491 889 1546 certe
904 1482 1130 1548 conventicula
1151 1485 1222 1549 sive
1237 1484 1315 1548 ordi-

193 1568 340 1634 nationes
367 1565 533 1631 damnavit
562 1587 690 1650 semper
721 1573 817 1651 atque
851 1563 1015 1631 damnabit
1046 1568 1151 1632 omnis
1184 1566 1316 1634 ecclesia

194 1659 390 1733 sanctorum,
403 1673 445 1715 nc
459 1647 643 1736 praevaleat
656 1650 810 1714 adversus
825 1671 896 1714 eam
910 1672 985 1735 pars
999 1652 1196 1738 iniquorum.
1225 1652 1316 1718 Unde

196 1738 293 1802 etiam
316 1734 501 1801 Gelasius¹t
532 1747 611 1811 Quod
629 1747 827 1813 incessabiliter,
851 1734 966 1818 inquil,
988 1751 1161 1816 repetendum
1179 1759 1228 1816 cst,
1252 1752 1316 1804 sicat

188 1827 300 1895 firmam
319 1842 372 1877 sose
391 1824 482 1876 nullm
502 1822 611 1889 amlipit
624 1820 794 1887 christianus,
814 1841 902 1876 omnes
915 1823 1061 1890 complices,
1082 1833 1234 1889 sectatores,
1253 1843 1316 1877 com·

195 1901 372 1952 morsicatores
385 1900 529 1950 damnatas
548 1897 627 1948 semel
639 1897 787 1962 prauitatis
801 1897 869 1963 pari
883 1904 951 1950 sorte
968 1897 1074 1964 censeri,
1094 1897 1134 1948 ita
1150 1916 1258 1951 consors
1271 1899 1317 1951 crit

195 1981 220 2026 ct
227 1990 333 2039 poenae
342 1970 462 2038 quisquis
475 1968 706 2023 camoraoicaoerit
719 1968 801 2020 alicui
814 1971 1052 2023 ecclesiasticarum
1061 1972 1221 2037 repuleram
1233 1981 1323 2024 troas·⁴

193 2037 599 2208 soliditatis?
627 2036 1019 2207 tgtttstdutttt
1047 2049 1203 2208 titt?
1203 2040 1318 2189 11ξξξξῗ

195 2143 410 2293 parroibiam,
421 2214 470 2271 'ut
483 2205 530 2269 ibi
545 2203 695 2290 disponat
708 2204 760 2269 vel
775 2206 902 2271 ordinet
923 2217 979 2272 aut
993 2206 1114 2271 iudicet
1128 2209 1318 2296 quicquam

195 2292 246 2355 sin
277 2289 370 2356 aliter
399 2291 661 2436 praesumpserit,
693 2288 907 2371 damnabitur,
935 2293 1019 2357 sicut
1051 2289 1203 2356 Callistus
1235 2314 1318 2380 papa

196 2373 310 2439 scribit
324 2383 356 2438 et
371 2375 473 2438 omnis
489 2395 545 2438 eoo
560 2373 628 2436 esic
642 2384 826 2438 sanctorum
842 2376 1008 2442 consentit.
1039 2375 1136 2456 Quod
1152 2385 1183 2440 et
1198 2376 1317 2441 factum

196 2465 244 2524 est
272 2456 313 2521 de
341 2457 501 2542 Hartvigo
528 2455 823 2542 Magadaburgensi
849 2460 1012 2546 episcopo,
1041 2462 1116 2546 quia
1144 2460 1179 2525 Si
1207 2462 1318 2526 'winus

197 2540 398 2607 Coloniensis
414 2562 431 2604 e
455 2541 586 2627 isoopus
602 2539 767 2607 damnavit
781 2564 866 2624 eum,
882 2544 1098 2608 consentiente
1113 2545 1147 2607 in
1163 2546 1173 2607 i
1213 2547 1317 2630 ipsum

196 2562 516 2710 comprovincialium
527 2625 755 2710 episcoporum
771 2626 901 2708 iudicio,
923 2639 1093 2714 postquam
1115 2628 1318 2694 nullomodo

195 2710 304 2796 potuit
324 2708 453 2788 adduci,
474 2716 511 2773 ut
525 2709 708 2774 satisfacere
723 2708 821 2775 vellet
842 2710 997 2777 ecclesiae
1042 2734 1077 2776 ro
1099 2713 1221 2778 iniusta
1239 2713 1319 2778 ordi-

195 2793 325 2858 natione
340 2791 508 2858 cuiusdam
524 2792 571 2857 Re
596 2792 723 2857 inbardi
745 2793 778 2858 in
793 2794 982 2881 episcopatu
1032 2794 1158 2860 indensi
1169 2809 1191 2867 ²,
1225 2798 1319 2862 Prae-

196 2876 350 2942 tendebat
370 2885 478 2942 autem
500 2873 554 2942 ille
603 2878 748 2962 artvigus
763 2889 953 2963 potestatem
976 2881 1025 2944 sui
1042 2879 1192 2966 Gregorii
1205 2903 1320 2968 papae,

196 2983 261 3049 qua
282 2960 378 3027 talem
399 2958 462 3025 sibi
484 2970 595 3047 posset
613 2961 790 3027 concedere
812 2963 1045 3029 ordinationem
1067 2964 1161 3029 iuxta
1183 2968 1319 3032 auctori·

195 3055 294 3111 tatem
324 3046 409 3112 sedis
436 3067 456 3109 a
480 3044 642 3127 ostolicae,
667 3046 804 3133 ideoque
834 3048 895 3112 sibi
925 3069 1022 3113 curae
1043 3070 1108 3112 non
1130 3072 1201 3116 esse
1224 3073 1322 3137 super

195 3130 377 3216 aliquorum
412 3068 477 3196 vei
495 3132 666 3195 vocatione
699 3131 750 3197 vel
786 3130 1000 3198 damnatione.
1058 3131 1144 3197 Ecce
1185 3137 1322 3221 apponit

195 3224 367 3300 peccatum
384 3236 481 3299 super
501 3223 670 3301 peccatum
692 3225 725 3280 et
743 3217 846 3280 iustae
868 3217 1066 3282 damnationi
1088 3217 1180 3282 addit
1200 3221 1323 3306 pariter

195 3298 432 3364 ecclesiasticae
454 3299 633 3364 vocationis
656 3308 689 3364 et
708 3297 864 3385 regularis
885 3299 1073 3386 disciplinae
1088 3311 1320 3390 contemptum.

194 3384 211 3449 Ι
236 3384 299 3447 ‘tur
325 3390 453 3470 praeter
480 3381 567 3445 illam
586 3382 824 3448 damnationem
847 3384 1016 3450 damnatus
1042 3395 1092 3451 est
1113 3387 1210 3451 etiam
1233 3389 1320 3454 idem

230 3468 373 3554 artvigus
401 3487 476 3530 cum
506 3466 620 3531 ceteris
647 3469 872 3553 suprascriptis
900 3470 1061 3556 episcopis
1083 3470 1116 3532 in
1138 3471 1320 3557 Mcguntia-

197 3552 287 3615 censi
308 3549 445 3637 synodo,
474 3547 604 3614 iubente
625 3550 659 3614 id
689 3552 759 3616 fieri
786 3552 964 3636 apostolica
988 3553 1074 3635 sede,
1100 3575 1175 3618 cum
1200 3555 1324 3623 nollent

195 3636 315 3701 reverti
336 3635 378 3699 ad
399 3654 515 3719 pacem
536 3641 569 3697 et
590 3635 795 3700 concordiam
817 3636 994 3703 catholicae
1016 3636 1182 3705 ecelesiae.

197 3841 221 3897 ι)
236 3844 268 3884 ita
284 3843 355 3894 Asta-5
371 3841 491 3884 orantibus
507 3845 528 3886 1.

198 4000 228 4068 1)
258 4002 299 4056 Cf.
319 4003 397 4054 Thiel
417 4021 443 4070 p.
462 4004 524 4054 424.
601 4004 632 4072 2)
654 4005 696 4058 cf.
717 4022 740 4058 c.
762 4006 806 4068 24,
833 4024 859 4074 p.
880 4007 924 4059 84.
964 4008 1031 4059 (tum
1051 4008 1146 4061 Minda
1165 4013 1326 4077 provinciae

198 4075 354 4128 Coloniensi
373 4077 511 4145 adscripta
531 4084 611 4140 esset,
629 4080 762 4146 Hartvigo
782 4096 835 4131 non
853 4081 938 4146 licuit,
957 4084 985 4132 in
1005 4084 1166 4149 episcopatu
1184 4085 1324 4138 Mindsusi

198 4151 342 4216 quicquum
357 4153 528 4216 constituere,
541 4153 593 4204 nisi
610 4159 702 4204 contra
716 4154 805 4219 legem
822 4154 933 4206 Decrct.
950 4155 1166 4208 Pseudoisidor.:
1187 4164 1218 4208 ut
1229 4160 1322 4211 mallus

198 4222 309 4347 altlcmm
328 4223 451 4277 terminos
469 4232 579 4292 usurpet
596 4242 645 4278 rosc
652 4227 827 4293 parrochiam
844 4226 944 4280 iudicet
957 4235 1004 4280 aut
1016 4230 1222 4284 accommaaicet
1241 4248 1328 4301 agere

196 4312 231 4348 vo
243 4298 292 4348 uit.
