2812 4830
240 138 290 188 DE
310 137 469 188 UNITATE
488 135 696 188 EOOLESIAE
718 136 995 189 CONSRRVANDA.
1146 140 1180 187 41

54 310 187 373 euistimo,
213 327 272 362 cum
299 309 407 362 diversa
432 317 510 376 atque
535 310 604 362 inter
627 327 654 362 sc
679 311 794 362 adversa
819 309 943 374 sentiunt,
963 329 1022 362 cum
1041 329 1133 363 uerum
1151 311 1181 363 iol

53 385 145 450 ipsum
164 383 255 436 dicum
273 400 361 435 omnes
380 390 405 435 et
423 400 515 435 rerum
533 382 633 448 dieunt,
653 383 687 434 ab
707 382 789 434 unius
814 383 872 435 ueri
890 384 1011 451 mapiatri
1029 384 1179 451 magisterio

53 483 110 518 nou
129 466 264 517 recedant.
297 450 364 525 Qui
377 453 473 532 enim,
489 450 592 537 inquit
607 449 764 531 Christus,
775 451 883 515 maior
898 461 1103 532 cstuestrum,
1119 454 1180 516 erit
1189 458 1345 505 Maii-²³³¹·

54 535 209 599 minister
223 543 333 600 vester.
352 534 417 609 Qui
427 537 513 600 euim
525 557 557 598 se
568 534 771 614 exaltaverit,
784 533 1025 616 humiliabitur,
1038 537 1136 621 etqui
1146 559 1179 600 sc
1249 519 1284 557 ¹²¹

56 615 222 696 humiliat,
245 618 454 683 eualtabitur.
493 617 556 682 Sed
578 618 742 703 cumipse
765 640 846 681 unus
866 621 1020 704 magister
1036 618 1182 684 Christus

57 722 122 788 que
144 699 236 764 Deus
264 713 367 767 mutet
393 711 457 766 tem
483 724 539 766 ora
565 712 597 767 et
623 702 794 766 transferat
819 723 929 787 regna,
952 713 1063 768 tenens
1085 684 1305 796 cordafsffsffv

56 806 173 872 regum
188 784 222 847 in
233 784 366 851 dextera
382 809 449 868 sua,
458 724 610 871 legimus,
622 784 771 851 docuisse
782 784 1041 851 Hildebrandum
1052 809 1181 873 papam,

57 867 149 956 quod
178 878 369 955 potestatem
396 872 467 956 ipse
493 870 642 934 habuerit
667 892 764 955 super
785 891 878 955 reges
901 880 934 935 et
955 894 1051 956 super
1072 892 1182 956 regna,

57 962 92 1018 et
112 974 210 1038 posse
231 953 265 1017 id
287 954 402 1036 facere,
425 956 511 1040 quod
532 976 591 1039 per
612 953 720 1018 Deum
746 953 816 1019 fieri
846 963 969 1019 tantum
998 955 1076 1019 dicit
1098 953 1182 1040 psal-

57 1037 173 1101 mista:
196 1038 294 1103 Hurrc
315 1038 467 1103 humiliat
489 1049 517 1102 et
536 1041 623 1102 bunc
638 1038 770 1103 eualtat.
803 1040 893 1103 Nam
908 1040 1043 1120 reddite,
1066 1040 1181 1123 inquit,
1190 1061 1228 1100 rs.
1238 1058 1301 1111 rus.

57 1143 146 1206 puae
173 1132 250 1186 suut
279 1125 426 1187 caesaris
456 1125 594 1202 caesari,
623 1133 652 1184 et
681 1146 763 1208 quae
790 1133 867 1186 sunt
887 1124 953 1186 Dei
975 1124 1062 1202 Dea,
1086 1145 1182 1208 quam
1193 1147 1346 1201 marturan.

58 1213 146 1270 certe
164 1227 199 1270 re
222 1204 308 1269 ulam
322 1206 453 1293 proprio
470 1206 674 1270 confirmavit
688 1205 848 1292 exemplo,
871 1206 980 1271 dicens
996 1207 1090 1272 Petro
1106 1228 1183 1292 apo-

58 1288 158 1354 stolo:
215 1299 228 1352 t
248 1314 313 1355 nou
335 1291 595 1356 scandalizemus
616 1313 679 1371 eos,
701 1289 736 1353 id
758 1299 867 1354 estne
889 1313 947 1355 nos
971 1292 1093 1355 caesari
1108 1306 1344 1360 conmuniter.

57 1372 253 1439 tradicentes
275 1373 492 1440 tumultuandi
512 1375 553 1438 iis
569 1374 769 1439 occasionem
792 1373 1016 1458 praebeamus,
1039 1376 1183 1441 audead

58 1479 154 1522 mare
176 1468 205 1523 et
217 1461 304 1523 mitte
320 1461 461 1540 bamam,
484 1469 512 1523 et
526 1483 598 1522 eum
608 1461 745 1543 piscem,
767 1461 825 1544 qui
836 1461 968 1545 primus
988 1461 1183 1541 ascenderit,

60 1541 146 1623 tolle,
169 1551 199 1604 et
219 1552 332 1628 aperto
351 1565 404 1608 ore
427 1545 498 1607 eius
517 1545 663 1607 invenies
678 1552 845 1624 staterem·
867 1541 961 1608 illum
976 1567 1115 1624 sumens,
1137 1546 1182 1609 da

59 1627 106 1692 iis
153 1648 191 1691 ro
206 1649 255 1691 me
276 1637 305 1692 et
325 1637 364 1708 te,
386 1637 415 1691 et
437 1629 548 1692 discite
571 1651 593 1692 a
613 1650 671 1708 me,
695 1627 774 1711 quia
796 1628 884 1690 mitis
907 1651 978 1692 sum
1000 1638 1028 1691 et
1051 1628 1184 1692 humilis

59 1647 169 1775 corde.
213 1709 278 1791 Qui
306 1712 402 1776 etiam
429 1710 539 1775 docuit
565 1709 739 1795 apostolos,
762 1709 939 1792 eeclesiam,
962 1732 1027 1774 non
1048 1733 1183 1796 regnum
1194 1726 1346 1779 nannum.

61 1791 234 1892 disponere
256 1793 306 1859 vel
329 1795 493 1877 ordinare,
517 1795 604 1881 quod
619 1816 678 1859 nec
700 1795 770 1878 ipse
792 1792 909 1880 legitur
926 1794 1103 1876 affectasse,
1125 1796 1184 1880 ¹qui

60 1876 147 1962 fuglt
174 1878 208 1940 in
238 1888 378 1944 montem
407 1879 493 1944 solus
523 1900 624 1959 orare,
655 1899 727 1941 cum
749 1879 863 1943 turbae
885 1879 1048 1942 venissent
1069 1900 1183 1964 rapere

62 1983 139 2026 eum
161 1971 194 2026 et
215 1984 324 2049 regem
341 1965 543 2044 constituere,
568 1964 717 2049 quoniam
741 1970 824 2026 ‘cum
842 1963 875 2025 in
890 1962 993 2026 forma
1008 1964 1071 2027 Dei
1088 1970 1183 2044 esset,
1193 1986 1255 2029 rur.
1264 1987 1285 2038 a,
1295 1986 1345 2048 ur.

61 2044 201 2109 formam
216 2048 302 2111 servi
317 2048 498 2134 aecipiens’,
514 2048 612 2112 ‘venit
626 2068 691 2110 non
707 2047 890 2127 ministrari,
913 2048 969 2112 sed
984 2047 1182 2111 ministrare'.
1194 2073 1347 2125 usitamus.

60 2129 160 2194 quta
193 2130 280 2216 quod
313 2132 409 2196 etiam
442 2130 560 2195 Paulus
594 2130 775 2216 apostolus,
809 2151 882 2194 oum
915 2129 997 2196 liber
1026 2142 1112 2196 esset
1144 2154 1185 2196 ex

61 2214 223 2298 omnibus,
257 2215 400 2280 omnium
432 2238 467 2280 se
499 2237 628 2279 servum
660 2215 743 2296 feeit,
775 2225 811 2279 ut
843 2213 951 2300 plures
974 2214 1184 2280 lucrifaceret.
1197 2231 1347 2284 rossum·

61 2297 159 2362 Unde
181 2307 214 2363 et
228 2297 405 2385 Gregorius
426 2320 522 2385 papa,
546 2321 618 2363 cum
637 2308 721 2364 esset
743 2320 886 2362 summus
909 2299 1055 2384 pontifex
1076 2308 1108 2364 et
1122 2301 1185 2362 vir-

63 2390 168 2446 tutum
198 2382 324 2465 artifex,
350 2384 384 2447 in
413 2393 537 2447 tantum
560 2406 594 2447 se
616 2383 699 2446 infra
721 2405 832 2446 omnes
855 2383 1043 2468 humiliavit,
1065 2393 1101 2448 ut
1121 2385 1185 2530 pri·

62 2488 136 2531 mus
157 2467 228 2551 ipse
250 2469 284 2530 in
304 2466 447 2615 epistolis
470 2468 537 2531 suis
560 2489 686 2531 servum
710 2488 876 2531 servorum
895 2468 959 2532 Dei
989 2491 1023 2531 se
1044 2490 1128 2553 appe
1142 2467 1184 2530 la-

63 2551 147 2615 verit
174 2560 206 2616 et
232 2551 292 2615 hoo
344 2551 509 2617 umilitatis
539 2572 656 2616 nomen
685 2551 728 2615 ad
755 2559 902 2636 posteros
929 2573 1055 2639 quoque
1084 2561 1184 2616 trans-

62 2635 196 2699 miserit.
240 2635 306 2716 Qui
334 2637 367 2699 in
394 2634 476 2700 libro
500 2634 673 2700 Pastoralis
698 2635 802 2700 Curae
825 2637 994 2719 proposuit
1023 2636 1063 2700 de
1093 2636 1184 2700 bonis

62 2716 199 2784 subditis
227 2729 259 2783 et
284 2719 378 2784 malis
399 2719 576 2785 rectoribus
599 2717 783 2804 exemplum
806 2718 912 2784 Saulis
934 2729 966 2782 et
987 2719 1105 2801 David,
1129 2722 1184 2806 qui

63 2812 161 2885 certe,
186 2801 263 2866 dum
284 2826 359 2868 eum
374 2814 483 2889 posset
498 2803 721 2887 eundemque²
737 2811 975 2887 persecutorem
990 2825 1084 2866 suum
1101 2805 1183 2867 oeci-

62 2885 148 2970 dere,
160 2886 263 2951 noluit
275 2888 430 2970 occidere,
446 2910 483 2952 eo
500 2887 587 2973 quod
601 2897 685 2951 esset
699 2886 836 2950 christus
847 2885 990 2967 Domini,
1006 2887 1139 2971 insuper
1153 2898 1184 2951 et

61 2971 148 3036 viros
170 2992 256 3053 suos,
279 2994 320 3037 ne
335 2981 565 3056 consurgerent
586 2972 618 3034 in
642 2992 725 3050 eum,
746 2970 864 3054 legitur
885 2970 1087 3035 sermonibus
1110 2991 1182 3033 con-

60 3053 198 3140 fregisse
218 3065 259 3137 et,
282 3058 358 3142 quia
380 3055 429 3121 vel
451 3078 540 3120 oram
563 3055 741 3140 chlamydis
771 3077 847 3118 suae
872 3054 942 3139 ipse
963 3053 1182 3139 praecidisset,

60 3139 269 3224 poenituisse·
297 3155 329 3208 Si
344 3155 461 3223 quaudo,
481 3141 615 3225 inquit¹,
636 3161 727 3206 contra
739 3160 850 3206 rectores
869 3156 910 3205 vel
922 3153 951 3204 iu
963 3153 1078 3205 minimis
1091 3152 1183 3220 linqua

62 3229 178 3293 dabatur,
200 3245 253 3295 per
277 3227 446 3297 afflictionem
463 3229 643 3296 paenitentiae
662 3245 706 3278 cor
723 3233 869 3292 prematur,
896 3233 997 3278 etcum
1012 3225 1182 3292 praepositae

57 3301 186 3367 potestati
204 3301 300 3369 aliquia
319 3301 473 3366 detraxerit,
498 3303 554 3354 eius
577 3301 715 3364 iudicium,
736 3319 753 3351 a
771 3318 822 3365 qua
843 3299 894 3352 sibi
908 3300 1034 3366 praelata
1052 3306 1097 3363 est,
1119 3316 1182 3366 per-

60 3383 213 3445 horrescam
231 3383 304 3450 quia,
329 3401 387 3435 cum
405 3383 435 3435 in
449 3383 626 3450 praepositos,
648 3369 701 3449 ait,
725 3381 911 3448 delinquimus,
932 3382 988 3433 eius
1008 3381 1181 3446 ordinationi,

61 3466 108 3532 qui
134 3483 178 3518 ece
201 3467 276 3518 uobis
290 3465 429 3532 praetulit,
448 3466 593 3519 obviamus.
641 3451 684 3514 Et
710 3460 745 3515 ut
773 3450 835 3513 hoc
860 3447 1009 3534 exemplo
1031 3450 1184 3534 probaret

82 3532 150 3598 uod
179 3535 299 3619 scripto
329 3532 439 3612 edidit,
468 3556 509 3598 ne
538 3535 571 3597 in
599 3535 798 3599 ethnicorum
830 3533 958 3618 quidem
988 3541 1089 3597 morte
1111 3533 1182 3619 ipse

60 3555 198 3683 dilectus
212 3618 285 3682 Deo
300 3616 480 3703 Gregorius
503 3640 572 3683 sese
594 3621 730 3683 miseere
746 3618 855 3699 voluit,
878 3616 934 3681 sed
958 3639 1032 3681 cum
1054 3616 1182 3682 efficere

58 3702 211 3787 potuerit,
233 3702 406 3787 sicutipse
429 3701 541 3766 scribit
550 3713 572 3783 ²,
599 3703 685 3790 quod
707 3717 787 3787 gens
810 3701 1099 3800 Longobardorum
1121 3724 1181 3766 neo

59 3808 92 3849 re
117 3808 170 3851 em
196 3807 257 3851 neo
284 3785 383 3850 duces
411 3806 471 3850 nee
500 3787 633 3853 comites
661 3786 803 3868 haberet,
831 3784 910 3848 nih1l
937 3784 1052 3850 horum
1075 3783 1182 3850 facere

58 3809 170 3951 voluit,
194 3872 271 3956 quia
291 3869 401 3935 Deum
423 3872 536 3935 timere
559 3893 592 3936 se
615 3871 702 3934 dicit.

59 4014 82 4067 s)
98 4016 199 4057 eundem
217 4019 236 4058 1.

59 4109 88 4178 1)
108 4112 235 4179 Gregorii
253 4111 277 4162 Ι.
298 4112 389 4180 Opera
401 4112 439 4174 II,
459 4129 485 4179 p.
499 4112 544 4163 39.
619 4111 648 4176 2)
663 4111 787 4176 Gregorii
800 4109 889 4176 Opera
902 4109 950 4172 IV,
973 4111 997 4170 1,
1017 4126 1044 4175 p.
1059 4107 1119 4159 162.
