2812 4830
232 343 267 392 12
429 343 480 392 DE
500 341 659 392 axium
677 338 882 390 accusem:
901 337 1180 389 consuamus.

231 509 423 575 humilitatis
451 511 598 594 impenso
631 507 763 587 destitit,
796 505 900 569 donec
931 506 963 567 in
995 506 1131 590 gratiam
1165 528 1244 570 cum
1275 530 1364 595 papa

233 594 330 660 rediit
366 606 398 658 et
428 593 472 657 ad
505 591 779 677 comprobandum
815 589 1053 655 ecclesiasticae
1087 591 1362 658 reconciliationis

233 679 453 744 testimonium
491 697 616 740 weram
652 675 909 738 communionem
946 675 1091 759 corporis
1126 685 1159 739 et
1191 679 1363 763 sanguinis

234 763 369 827 Domini
390 762 430 827 de
453 783 552 824 manu
578 759 743 845 pontificis
771 760 908 843 accepit,
937 780 1081 822 mensam
1108 781 1183 822 cum
1206 781 1249 824 eo
1271 761 1361 844 adiit,

234 869 274 911 ac
295 845 412 910 deinde
433 844 585 908 dimissus
606 845 709 908 estin
730 864 823 928 pace,
845 840 972 928 qualem
994 840 1115 906 scilicet
1127 865 1248 928 pacem
1264 846 1360 910 Iudas

236 929 410 1009 simulavit,
436 950 501 993 non
529 927 656 1015 qualem
684 925 832 992 Christus
867 924 1005 1012 reliquit.
1048 925 1174 991 Aderat
1206 929 1298 993 enim
1331 939 1360 995 et

234 1013 351 1098 legatio
380 1013 521 1077 hostium
548 1033 679 1076 suorum
707 1011 928 1097 quaerentium
956 1011 1106 1075 omuibus
1135 1012 1243 1075 modis
1265 1015 1358 1078 inter·

235 1120 385 1184 rumpere
413 1097 528 1161 initum
561 1095 623 1159 hoc
655 1094 925 1159 reconciliationis
952 1106 1093 1179 pactum,
1122 1094 1245 1181 quibus
1276 1119 1358 1184 papa

235 1183 400 1268 rescripsit
424 1179 543 1245 talibus
571 1178 696 1243 verbis:
728 1180 780 1242 Nc
806 1177 947 1260 solliciti,
979 1180 1138 1264 inquiens,
1167 1183 1255 1261 aitis,
1284 1205 1356 1267 qao·

235 1270 329 1331 niam
349 1264 597 1350 culpabiliorem
618 1287 691 1328 eant
712 1263 815 1328 reddo
836 1263 956 1328 volita
995 1262 1090 1328 Certe
1111 1262 1357 1362 culpabiliorem

235 1351 344 1414 facere
358 1348 509 1435 aliquem,
523 1348 696 1432 praecipue
710 1357 816 1412 autem
827 1369 946 1431 regem,
962 1369 1057 1433 quem
1064 1351 1235 1495 praecrpit
1245 1349 1357 1416 Petrus

237 1433 403 1518 apostolus
436 1432 655 1512 honorificare,
688 1430 750 1494 hoc
783 1452 848 1494 non
876 1439 925 1495 est
957 1452 1035 1494 oves
1093 1429 1184 1496 bristi
1214 1455 1357 1519 pascere.

238 1516 504 1604 (luipabiliorem,
530 1518 672 1600 inquam,
699 1515 804 1579 facere
826 1516 1000 1600 praecipue
1022 1537 1106 1594 eum,
1129 1538 1226 1601 quem
1250 1518 1357 1603 poeni-

238 1610 305 1666 teat
332 1599 526 1684 culpabilem
553 1601 702 1680 existere,
730 1599 792 1663 hoc
821 1620 886 1663 non
913 1611 962 1663 est
990 1599 1191 1664 sacerdotem
1224 1602 1356 1666 Domini

92 1706 318 1766 nnc.1s,r.esse,
350 1705 424 1748 cum
452 1685 522 1769 ipse
550 1685 582 1746 in
612 1682 780 1768 euangelio
802 1683 964 1747 Dominus
990 1683 1086 1765 dicat,
1109 1684 1270 1767 gaudium
1293 1687 1357 1749 fieri

237 1771 271 1833 in
299 1768 388 1833 caelo
421 1791 519 1853 super
550 1789 614 1831 uno
645 1777 815 1854 peccatore
842 1769 1070 1853 paenitentiam
1103 1776 1231 1853 agente,
1262 1791 1357 1856 quam

237 1875 337 1938 super
357 1853 532 1937 nonaginta
551 1874 669 1917 novem
689 1853 793 1933 iustis,
816 1854 872 1937 qui
892 1873 956 1914 non
977 1852 1123 1937 indigent
1149 1856 1359 1938 poenitentia.

237 1936 391 2024 Nunquid
421 1935 584 2001 terribile⁸
611 1948 643 2001 et
672 1934 749 1999 illud
780 1945 1016 2000 sacramentum
1049 1937 1195 2020 corporis
1225 1937 1358 2002 Domini

238 2022 461 2103 contemnitur,
484 2042 547 2107 quo
570 2042 628 2084 rex
649 2020 691 2083 ad
706 2019 805 2085 altare
827 2021 859 2083 in
882 2020 1100 2084 testimonium
1122 2019 1358 2086 ecclesiasticae

236 2105 505 2171 reconciliationis
525 2104 803 2169 communicatur?
825 2103 912 2190 quod
932 2114 1018 2168 certe
1033 2116 1274 2171 sacramentum
1296 2107 1358 2192 pie

236 2192 312 2255 tatis
335 2192 462 2274 signum
486 2210 613 2274 quoque
635 2201 685 2253 est
705 2189 836 2253 unitatis
857 2199 890 2252 et
903 2187 1069 2252 vinculum
1091 2190 1245 2253 caritatis.
1280 2190 1359 2255 Sed:

237 2276 289 2339 Ne
304 2274 446 2354 rodiciti,
461 2273 575 2370 inquit,
598 2274 681 2352 aitis,
696 2275 778 2357 qaia
793 2273 846 2336 col
872 2273 1040 2338 utiliorem
1055 2296 1126 2336 eom
1140 2275 1245 2339 reddo
1260 2276 1358 2340 vobis.

237 2358 281 2422 Et
309 2358 336 2421 si
361 2378 431 2438 rex,
463 2378 518 2441 qu1
546 2359 789 2441 perseipsum
812 2377 829 2420 c
864 2355 982 2442 pabilis
1004 2360 1136 2438 exstitit,
1158 2379 1218 2443 per
1240 2379 1359 2444 papam

239 2439 430 2526 culpabilior
444 2440 598 2520 redditur,
621 2441 692 2525 quis
714 2462 826 2505 eorum
848 2441 979 2505 maioris
996 2440 1109 2526 culpae
1123 2463 1198 2505 reus
1213 2442 1362 2508 tenetur?

238 2524 321 2606 Hoc,
338 2544 467 2609 quaes0,
490 2524 689 2588 considerate
704 2531 736 2588 et
749 2526 869 2590 tenete!
901 2524 988 2589 Ecce
1003 2536 1109 2589 autem
1132 2528 1266 2611 proprie
1288 2537 1361 2592 sunt

238 2630 351 2693 regum
376 2606 532 2692 quaedam
563 2619 758 2690 ornamenta,
781 2609 864 2672 sicut
891 2630 1011 2673 corona
1037 2618 1069 2673 et
1096 2632 1243 2696 purpura
1265 2621 1360 2697 atque

238 2689 302 2756 alia
323 2693 415 2776 regni
436 2693 585 2776 insignia,
606 2713 627 2755 a
648 2692 765 2778 quibus
786 2714 894 2777 regem
915 2692 1077 2758 abstinere
1098 2692 1140 2756 ad
1160 2691 1288 2758 arbitrii
1311 2695 1359 2759 sui

239 2784 368 2861 tempus
397 2775 541 2841 decrevit
566 2798 662 2927 pqpa,
692 2775 786 2841 huius
815 2775 940 2843 scilicet
966 2777 1152 2842 intentionis
1182 2781 1299 2862 gratia,
1327 2787 1361 2842 ui

239 2860 286 2923 sic
313 2869 370 2924 aut
399 2864 572 2947 contempti
599 2861 668 2925 '’or
696 2870 780 2926 esset
805 2862 907 2945 ipsius
929 2864 1014 2947 regis
1035 2862 1069 2924 in
1090 2882 1189 2945 regno
1212 2884 1359 2947 persona,

239 2943 343 3008 donec
365 2945 569 3009 roboraretur
590 2967 625 3010 re
649 2968 736 3026 num,
759 2946 932 3030 quodiam
954 2945 1128 3032 parabatur
1149 2946 1182 3007 in
1205 2945 1360 3011 electione

239 3026 369 3127 alterius
398 3030 493 3114 regis,
519 3030 595 3094 dum
625 2967 729 3094 iuerat
756 3030 767 3092 i
793 3051 827 3094 se
854 3029 1015 3115 legitimus
1043 3052 1102 3094 rex
1123 3031 1156 3092 in
1178 3028 1284 3112 Italia,
1307 3039 1361 3094 aut

240 3134 267 3175 s1
294 3134 358 3177 non
380 3115 558 3199 permissus
584 3138 604 3179 a
633 3136 667 3179 se
689 3134 747 3196 reg
781 3114 811 3176 ’a
832 3124 1007 3179 resumeret
1028 3122 1224 3197 ornamenta,
1248 3117 1360 3180 certio·

239 3219 307 3262 rem
336 3198 469 3284 perinde
498 3197 631 3264 haberet
653 3197 852 3262 exercendae
874 3199 1055 3262 circaeam
1077 3217 1208 3261 causam
1232 3220 1360 3263 excom-

239 3283 476 3362 municationis,
506 3282 591 3428 quod
622 3280 751 3345 videtur
778 3302 843 3344 non
872 3302 941 3346 esse
974 3281 1114 3346 officium
1143 3282 1274 3367 pietatis
1302 3305 1360 3346 nec

240 3365 370 3450 signum
393 3386 510 3429 concor
533 3366 583 3430 iae
606 3374 638 3429 et
660 3365 792 3429 unitatis
803 3375 824 3428 ².
861 3363 955 3430 Unde
978 3375 1107 3430 sanctus
1129 3387 1215 3451 papa
1238 3365 1360 3452 Grego-

239 3449 307 3513 rius
330 3448 444 3513 scribit
464 3450 510 3513 iia
531 3451 564 3512 in
586 3447 726 3512 homiliis
749 3458 781 3512 et
801 3449 847 3513 ita
865 3450 989 3531 docet³,
1011 3459 1048 3514 ut
1069 3451 1142 3536 ipsa
1163 3449 1225 3513 hac
1239 3449 1360 3536 ligandi

239 3541 271 3597 et
293 3532 437 3598 solvendi
458 3541 617 3617 potestate
639 3555 672 3597 se
693 3533 809 3618 privet,
832 3533 887 3619 qui
908 3534 991 3598 hanc
1018 3556 1078 3619 pro
1105 3534 1170 3598 suis
1192 3534 1360 3600 voluntati-

239 3719 263 3820 p)
276 3721 379 3821 ¹:pp'qpcses
399 3723 510 3821 tepentium
525 3729 568 3764 cst:
588 3725 671 3766 Nonne
687 3725 791 3765 terribile
807 3725 867 3775 quod
885 3756 890 3766 .
910 3757 914 3767 .
932 3737 953 3775 .;
968 3725 1086 3766 aclardus
1101 3726 1231 3766 emendasti:
1252 3727 1361 3776 uunquid

249 3789 275 3821 er
331 3791 352 3833 e,
367 3792 412 3830 quo

241 3923 268 3988 1)
288 3923 372 3975 Fides
391 3924 484 3976 horum
504 3926 654 3990 verborum,
674 3929 774 3993 quippe
795 3941 863 3992 quae
885 3942 943 3977 cum
964 3927 1052 3977 verbis
1071 3927 1183 3977 aliorum
1203 3929 1362 3993 scriptorum

240 4002 369 4062 pugnent,
395 4013 412 4047 a
435 3997 524 4050 multis
548 4000 577 4049 in
597 4000 706 4051 dubium
732 4005 851 4050 vocatur.
944 3997 973 4066 2)
1000 4000 1057 4050 Has
1080 4015 1124 4050 res
1152 4005 1248 4051 auctor
1276 4003 1363 4068 magis

240 4071 279 4120 ita
296 4069 388 4134 tradit,
408 4071 541 4136 quomodo
562 4089 609 4124 eas
629 4074 756 4125 Germani
775 4071 974 4122 arbitrabantur
991 4072 1079 4124 iactas
1099 4088 1167 4135 esse,
1193 4089 1274 4139 quam
1298 4091 1361 4142 quo·

240 4141 320 4192 modo
346 4159 375 4193 re
394 4160 459 4194 vera
484 4151 577 4210 gestae
604 4152 673 4197 sunt.
713 4146 754 4196 cf.
773 4147 843 4196 Anu.
864 4145 1012 4209 Bertholdi,
1033 4145 1082 4199 SS.
1096 4147 1129 4208 V,
1149 4162 1176 4211 p.
1197 4146 1269 4210 286;
1293 4149 1362 4199 Anu.

239 4214 387 4279 Lamberti,
408 4217 458 4268 SS.
472 4219 505 4280 V,
525 4235 551 4284 p.
570 4218 632 4270 254.
650 4225 677 4270 et
697 4218 765 4279 ao&
785 4219 901 4284 Registr.
915 4218 963 4278 IV,
979 4218 1036 4272 12³.
1090 4219 1119 4284 3)
1138 4219 1263 4286 Gregorii
1283 4237 1364 4288 opera

239 4286 283 4341 ed.
302 4288 413 4354 Bened,
432 4291 516 4343 Paris.
537 4292 616 4356 170n,
635 4291 659 4356 1,
678 4309 704 4358 p.
722 4291 802 4343 155⁶.
