<?xml version="1.0" encoding="UTF-8"?>
<!DOCTYPE html PUBLIC "-//W3C//DTD XHTML 1.0 Transitional//EN"
    "http://www.w3.org/TR/xhtml1/DTD/xhtml1-transitional.dtd">
<html xmlns="http://www.w3.org/1999/xhtml" xml:lang="en" lang="en">
 <head>
  <title>
</title>
<meta http-equiv="Content-Type" content="text/html;charset=utf-8" />
  <meta name='ocr-system' content='tesseract 3.04.00' />
  <meta name='ocr-capabilities' content='ocr_page ocr_carea ocr_par ocr_line ocrx_word'/>
</head>
<body>
  <div class='ocr_page' id='page_1' title='image "./waltramiutvidet00schwgoog_0088.png"; bbox 0 0 2812 4830; ppageno 0'>
   <div class='ocr_carea' id='block_1_1' title="bbox 219 369 1158 426">
    <p class='ocr_par' dir='ltr' id='par_1_1' title="bbox 219 369 1158 426">
     <span class='ocr_line' id='line_1_1' title="bbox 219 369 1158 426; baseline 0.004 -4"><span class='ocrx_word' id='word_1_1' title='bbox 219 372 268 422; x_wconf 83' lang='lat' dir='ltr'><strong>Du</strong></span> <span class='ocrx_word' id='word_1_2' title='bbox 287 371 447 422; x_wconf 82' lang='lat' dir='ltr'>UNITATE</span> <span class='ocrx_word' id='word_1_3' title='bbox 466 369 672 423; x_wconf 71' lang='lat' dir='ltr'><strong>accusem:</strong></span> <span class='ocrx_word' id='word_1_4' title='bbox 692 371 969 426; x_wconf 83' lang='lat' dir='ltr'>CONSERVANDA.</span> <span class='ocrx_word' id='word_1_5' title='bbox 1125 377 1158 426; x_wconf 88' lang='grc'><strong>61</strong></span> 
     </span>
    </p>
   </div>
   <div class='ocr_carea' id='block_1_2' title="bbox 30 539 1244 1108">
    <p class='ocr_par' dir='ltr' id='par_1_2' title="bbox 30 539 1160 795">
     <span class='ocr_line' id='line_1_2' title="bbox 30 539 1160 630; baseline 0.008 -31"><span class='ocrx_word' id='word_1_6' title='bbox 30 539 225 608; x_wconf 86' lang='lat' dir='ltr'><strong>defendunt.</strong></span> <span class='ocrx_word' id='word_1_7' title='bbox 275 540 475 604; x_wconf 76' lang='lat' dir='ltr'><em>Intuendum</em></span> <span class='ocrx_word' id='word_1_8' title='bbox 508 541 614 619; x_wconf 87' lang='lat' dir='ltr'><strong>etiam,</strong></span> <span class='ocrx_word' id='word_1_9' title='bbox 646 540 761 626; x_wconf 91' lang='lat' dir='ltr'><strong>inquit,</strong></span> <span class='ocrx_word' id='word_1_10' title='bbox 794 543 881 627; x_wconf 81' lang='lat' dir='ltr'><strong>quod</strong></span> <span class='ocrx_word' id='word_1_11' title='bbox 914 543 1067 625; x_wconf 82' lang='lat' dir='ltr'><strong>homines,</strong></span> <span class='ocrx_word' id='word_1_12' title='bbox 1102 547 1160 630; x_wconf 83' lang='lat' dir='ltr'><strong>qui</strong></span> 
     </span>
     <span class='ocr_line' id='line_1_3' title="bbox 44 622 1159 710; baseline 0.003 -21"><span class='ocrx_word' id='word_1_13' title='bbox 44 624 209 710; x_wconf 74' lang='lat' dir='ltr'><strong>Wiqberto</strong></span> <span class='ocrx_word' id='word_1_14' title='bbox 231 624 280 687; x_wconf 87' lang='lat' dir='ltr'><strong>uel</strong></span> <span class='ocrx_word' id='word_1_15' title='bbox 302 623 470 687; x_wconf 82' lang='lat' dir='ltr'><strong>Hearicho</strong></span> <span class='ocrx_word' id='word_1_16' title='bbox 481 622 614 706; x_wconf 85' lang='lat' dir='ltr'><strong>fauent,</strong></span> <span class='ocrx_word' id='word_1_17' title='bbox 638 634 696 688; x_wconf 91' lang='lat' dir='ltr'><strong>aut</strong></span> <span class='ocrx_word' id='word_1_18' title='bbox 718 625 907 709; x_wconf 73' lang='lat' dir='ltr'><strong>temporalis</strong></span> <span class='ocrx_word' id='word_1_19' title='bbox 933 627 1090 691; x_wconf 87' lang='lat' dir='ltr'><strong>commodi</strong></span> <span class='ocrx_word' id='word_1_20' title='bbox 1111 651 1159 692; x_wconf 85' lang='lat' dir='ltr'><strong>re·</strong></span> 
     </span>
     <span class='ocr_line' id='line_1_4' title="bbox 36 707 948 795; baseline 0.002 -23"><span class='ocrx_word' id='word_1_21' title='bbox 36 717 153 795; x_wconf 75' lang='lat' dir='ltr'><strong>spectu</strong></span> <span class='ocrx_word' id='word_1_22' title='bbox 174 708 224 773; x_wconf 87' lang='lat' dir='ltr'><strong>uel</strong></span> <span class='ocrx_word' id='word_1_23' title='bbox 245 709 410 772; x_wconf 88' lang='lat' dir='ltr'><strong>bumanae</strong></span> <span class='ocrx_word' id='word_1_24' title='bbox 431 707 556 789; x_wconf 66' lang='lat' dir='ltr'><strong>alariae</strong></span> <span class='ocrx_word' id='word_1_25' title='bbox 569 707 710 790; x_wconf 84' lang='lat' dir='ltr'><strong>faciunt</strong></span> <span class='ocrx_word' id='word_1_26' title='bbox 732 709 790 773; x_wconf 85' lang='lat' dir='ltr'><strong>boe</strong></span> <span class='ocrx_word' id='word_1_27' title='bbox 812 712 948 774; x_wconf 88' lang='lat' dir='ltr'><strong>intuitu.</strong></span> 
     </span>
    </p>

    <p class='ocr_par' dir='ltr' id='par_1_3' title="bbox 32 790 1244 1108">
     <span class='ocr_line' id='line_1_5' title="bbox 124 790 1244 880; baseline -0.001 -26"><span class='ocrx_word' id='word_1_28' title='bbox 124 793 174 856; x_wconf 83' lang='lat'><strong>14.</strong></span> <span class='ocrx_word' id='word_1_29' title='bbox 216 790 448 856; x_wconf 77' lang='lat' dir='ltr'>Erubescimus</span> <span class='ocrx_word' id='word_1_30' title='bbox 476 810 564 872; x_wconf 89' lang='lat' dir='ltr'><strong>sane,</strong></span> <span class='ocrx_word' id='word_1_31' title='bbox 594 790 679 876; x_wconf 89' lang='lat' dir='ltr'><strong>quod</strong></span> <span class='ocrx_word' id='word_1_32' title='bbox 707 791 783 858; x_wconf 91' lang='lat' dir='ltr'><strong>facti</strong></span> <span class='ocrx_word' id='word_1_33' title='bbox 812 815 923 858; x_wconf 90' lang='lat' dir='ltr'><strong>sumus</strong></span> <span class='ocrx_word' id='word_1_34' title='bbox 949 792 1157 880; x_wconf 90' lang='lat' dir='ltr'><strong>obprobrium</strong></span> <span class='ocrx_word' id='word_1_35' title='bbox 1169 813 1244 867; x_wconf 83' lang='lat' dir='ltr'><strong>(xr11)</strong></span> 
     </span>
     <span class='ocr_line' id='line_1_6' title="bbox 34 874 1159 962; baseline 0.004 -23"><span class='ocrx_word' id='word_1_36' title='bbox 34 875 134 940; x_wconf 91' lang='lat' dir='ltr'><strong>nimis</strong></span> <span class='ocrx_word' id='word_1_37' title='bbox 155 876 294 940; x_wconf 91' lang='lat' dir='ltr'><strong>inimicis</strong></span> <span class='ocrx_word' id='word_1_38' title='bbox 315 875 443 954; x_wconf 81' lang='lat' dir='ltr'><strong>nostris,</strong></span> <span class='ocrx_word' id='word_1_39' title='bbox 466 874 551 960; x_wconf 87' lang='lat' dir='ltr'><strong>quod</strong></span> <span class='ocrx_word' id='word_1_40' title='bbox 575 885 606 940; x_wconf 92' lang='lat' dir='ltr'><strong>et</strong></span> <span class='ocrx_word' id='word_1_41' title='bbox 627 876 691 940; x_wconf 92' lang='lat' dir='ltr'><strong>dici</strong></span> <span class='ocrx_word' id='word_1_42' title='bbox 712 897 777 940; x_wconf 91' lang='lat' dir='ltr'><strong>non</strong></span> <span class='ocrx_word' id='word_1_43' title='bbox 799 876 895 943; x_wconf 89' lang='lat' dir='ltr'><strong>debet</strong></span> <span class='ocrx_word' id='word_1_44' title='bbox 917 879 986 943; x_wconf 89' lang='lat' dir='ltr'><strong>sine</strong></span> <span class='ocrx_word' id='word_1_45' title='bbox 1008 877 1159 962; x_wconf 80' lang='lat' dir='ltr'><strong>lacrimis,</strong></span> 
     </span>
     <span class='ocr_line' id='line_1_7' title="bbox 32 958 1159 1108; baseline 0.004 -86"><span class='ocrx_word' id='word_1_46' title='bbox 32 960 115 1108; x_wconf 64' lang='lat' dir='ltr'><strong>ddia</strong></span> <span class='ocrx_word' id='word_1_47' title='bbox 136 960 201 1046; x_wconf 90' lang='lat' dir='ltr'><strong>ipsi</strong></span> <span class='ocrx_word' id='word_1_48' title='bbox 221 959 429 1026; x_wconf 81' lang='lat' dir='ltr'><strong>ferventiores</strong></span> <span class='ocrx_word' id='word_1_49' title='bbox 453 967 526 1022; x_wconf 90' lang='lat' dir='ltr'><strong>sunt</strong></span> <span class='ocrx_word' id='word_1_50' title='bbox 547 958 587 1022; x_wconf 90' lang='lat' dir='ltr'><strong>ad</strong></span> <span class='ocrx_word' id='word_1_51' title='bbox 604 958 838 1025; x_wconf 85' lang='lat' dir='ltr'><strong>defendendam</strong></span> <span class='ocrx_word' id='word_1_52' title='bbox 852 963 973 1048; x_wconf 90' lang='lat' dir='ltr'><strong>pariter</strong></span> <span class='ocrx_word' id='word_1_53' title='bbox 995 973 1027 1028; x_wconf 91' lang='lat' dir='ltr'><strong>et</strong></span> <span class='ocrx_word' id='word_1_54' title='bbox 1041 984 1159 1048; x_wconf 85' lang='lat' dir='ltr'><strong>augen-</strong></span> 
     </span>
    </p>
   </div>
   <div class='ocr_carea' id='block_1_3' title="bbox 21 1044 1317 4242">
    <p class='ocr_par' dir='ltr' id='par_1_4' title="bbox 21 1044 1317 2477">
     <span class='ocr_line' id='line_1_8' title="bbox 78 1044 1159 1131; baseline 0.005 -25"><span class='ocrx_word' id='word_1_55' title='bbox 78 1065 112 1106; x_wconf 93' lang='lat' dir='ltr'><strong>m</strong></span> <span class='ocrx_word' id='word_1_56' title='bbox 134 1054 259 1131; x_wconf 88' lang='lat' dir='ltr'><strong>partem</strong></span> <span class='ocrx_word' id='word_1_57' title='bbox 281 1045 332 1109; x_wconf 90' lang='lat' dir='ltr'><strong>sui</strong></span> <span class='ocrx_word' id='word_1_58' title='bbox 348 1044 508 1128; x_wconf 83' lang='lat' dir='ltr'><strong>Gregorii,</strong></span> <span class='ocrx_word' id='word_1_59' title='bbox 533 1065 629 1130; x_wconf 91' lang='lat' dir='ltr'><strong>quam</strong></span> <span class='ocrx_word' id='word_1_60' title='bbox 650 1047 750 1109; x_wconf 90' lang='lat' dir='ltr'><strong>nostri</strong></span> <span class='ocrx_word' id='word_1_61' title='bbox 765 1045 807 1108; x_wconf 90' lang='lat' dir='ltr'><strong>ad</strong></span> <span class='ocrx_word' id='word_1_62' title='bbox 846 1046 1024 1110; x_wconf 87' lang='lat' dir='ltr'><strong>robandam</strong></span> <span class='ocrx_word' id='word_1_63' title='bbox 1040 1056 1071 1111; x_wconf 92' lang='lat' dir='ltr'><strong>et</strong></span> <span class='ocrx_word' id='word_1_64' title='bbox 1086 1069 1159 1111; x_wconf 90' lang='lat' dir='ltr'><strong>con-</strong></span> 
     </span>
     <span class='ocr_line' id='line_1_9' title="bbox 32 1069 1158 1197; baseline 0.004 -6"><span class='ocrx_word' id='word_1_65' title='bbox 32 1127 226 1192; x_wconf 86' lang='lat' dir='ltr'><strong>firmandam</strong></span> <span class='ocrx_word' id='word_1_66' title='bbox 249 1129 403 1192; x_wconf 88' lang='lat' dir='ltr'><strong>unitatem</strong></span> <span class='ocrx_word' id='word_1_67' title='bbox 426 1126 602 1192; x_wconf 90' lang='lat' dir='ltr'><strong>catholicae</strong></span> <span class='ocrx_word' id='word_1_68' title='bbox 624 1126 779 1194; x_wconf 86' lang='lat' dir='ltr'><strong>ecclesiae</strong></span> <span class='ocrx_word' id='word_1_69' title='bbox 795 1069 924 1197; x_wconf 77' lang='lat' dir='ltr'><strong>Ollristi.</strong></span> <span class='ocrx_word' id='word_1_70' title='bbox 961 1132 1045 1195; x_wconf 87' lang='lat' dir='ltr'><strong>Nam</strong></span> <span class='ocrx_word' id='word_1_71' title='bbox 1067 1132 1158 1196; x_wconf 88' lang='lat' dir='ltr'><strong>iuxta</strong></span> 
     </span>
     <span class='ocr_line' id='line_1_10' title="bbox 32 1210 1247 1313; baseline 0.002 -37"><span class='ocrx_word' id='word_1_72' title='bbox 32 1212 124 1298; x_wconf 89' lang='lat' dir='ltr'><strong>quod</strong></span> <span class='ocrx_word' id='word_1_73' title='bbox 152 1212 269 1277; x_wconf 89' lang='lat' dir='ltr'><strong>dicitur</strong></span> <span class='ocrx_word' id='word_1_74' title='bbox 300 1213 334 1275; x_wconf 91' lang='lat' dir='ltr'><strong>in</strong></span> <span class='ocrx_word' id='word_1_75' title='bbox 363 1210 541 1297; x_wconf 85' lang='lat' dir='ltr'><strong>euangelio,</strong></span> <span class='ocrx_word' id='word_1_76' title='bbox 569 1213 667 1276; x_wconf 90' lang='lat' dir='ltr'><strong>moris</strong></span> <span class='ocrx_word' id='word_1_77' title='bbox 694 1235 764 1278; x_wconf 88' lang='lat' dir='ltr'><strong>esse</strong></span> <span class='ocrx_word' id='word_1_78' title='bbox 792 1215 971 1279; x_wconf 90' lang='lat' dir='ltr'><strong>scribarum</strong></span> <span class='ocrx_word' id='word_1_79' title='bbox 994 1225 1026 1279; x_wconf 88' lang='lat' dir='ltr'><strong>et</strong></span> <span class='ocrx_word' id='word_1_80' title='bbox 1046 1211 1247 1313; x_wconf 45' lang='lat' dir='ltr'><strong>Phari-{⁸²1²}-</strong></span> 
     </span>
     <span class='ocr_line' id='line_1_11' title="bbox 30 1296 1248 1385; baseline 0.001 -23"><span class='ocrx_word' id='word_1_81' title='bbox 30 1317 184 1362; x_wconf 77' lang='lat' dir='ltr'><strong>saeorum</strong></span> <span class='ocrx_word' id='word_1_82' title='bbox 198 1307 231 1362; x_wconf 87' lang='lat' dir='ltr'><strong>et</strong></span> <span class='ocrx_word' id='word_1_83' title='bbox 244 1296 494 1382; x_wconf 75' lang='lat' dir='ltr'><strong>hypocritarum,</strong></span> <span class='ocrx_word' id='word_1_84' title='bbox 512 1296 643 1385; x_wconf 55' lang='lat' dir='ltr'><strong>[quodq</strong></span> <span class='ocrx_word' id='word_1_85' title='bbox 659 1297 858 1364; x_wconf 89' lang='lat' dir='ltr'><strong>circumeunt</strong></span> <span class='ocrx_word' id='word_1_86' title='bbox 871 1321 960 1363; x_wconf 89' lang='lat' dir='ltr'><strong>mare</strong></span> <span class='ocrx_word' id='word_1_87' title='bbox 976 1307 1008 1363; x_wconf 92' lang='lat' dir='ltr'><strong>et</strong></span> <span class='ocrx_word' id='word_1_88' title='bbox 1021 1299 1155 1382; x_wconf 90' lang='lat' dir='ltr'><strong>aridam,</strong></span> <span class='ocrx_word' id='word_1_89' title='bbox 1196 1299 1202 1321; x_wconf 91' lang='lat'><em>’</em></span> <span class='ocrx_word' id='word_1_90' title='bbox 1243 1299 1248 1310; x_wconf 89' lang='lat'>&#39;</span> 
     </span>
     <span class='ocr_line' id='line_1_12' title="bbox 32 1380 1156 1467; baseline 0.004 -24"><span class='ocrx_word' id='word_1_91' title='bbox 32 1389 71 1445; x_wconf 92' lang='lat' dir='ltr'><strong>ut</strong></span> <span class='ocrx_word' id='word_1_92' title='bbox 93 1402 159 1446; x_wconf 91' lang='lat' dir='ltr'><strong>non</strong></span> <span class='ocrx_word' id='word_1_93' title='bbox 179 1390 303 1445; x_wconf 87' lang='lat' dir='ltr'><strong>tantum</strong></span> <span class='ocrx_word' id='word_1_94' title='bbox 324 1380 445 1445; x_wconf 87' lang='lat' dir='ltr'><strong>faciant</strong></span> <span class='ocrx_word' id='word_1_95' title='bbox 466 1401 567 1444; x_wconf 91' lang='lat' dir='ltr'><strong>unum</strong></span> <span class='ocrx_word' id='word_1_96' title='bbox 589 1380 799 1467; x_wconf 88' lang='lat' dir='ltr'><strong>proselytum,</strong></span> <span class='ocrx_word' id='word_1_97' title='bbox 823 1382 879 1448; x_wconf 89' lang='lat' dir='ltr'><strong>sed</strong></span> <span class='ocrx_word' id='word_1_98' title='bbox 901 1393 938 1448; x_wconf 88' lang='lat' dir='ltr'><strong>ut</strong></span> <span class='ocrx_word' id='word_1_99' title='bbox 959 1393 1044 1448; x_wconf 89' lang='lat' dir='ltr'><strong>totus</strong></span> <span class='ocrx_word' id='word_1_100' title='bbox 1067 1406 1156 1447; x_wconf 92' lang='lat' dir='ltr'><strong>mun·</strong></span> 
     </span>
     <span class='ocr_line' id='line_1_13' title="bbox 32 1463 1156 1551; baseline 0.002 -23"><span class='ocrx_word' id='word_1_101' title='bbox 32 1463 97 1529; x_wconf 87' lang='lat' dir='ltr'><strong>dus</strong></span> <span class='ocrx_word' id='word_1_102' title='bbox 119 1465 218 1530; x_wconf 90' lang='lat' dir='ltr'><strong>vadat</strong></span> <span class='ocrx_word' id='word_1_103' title='bbox 239 1474 314 1550; x_wconf 90' lang='lat' dir='ltr'><strong>post</strong></span> <span class='ocrx_word' id='word_1_104' title='bbox 342 1486 407 1546; x_wconf 89' lang='lat' dir='ltr'><strong>eos,</strong></span> <span class='ocrx_word' id='word_1_105' title='bbox 436 1485 499 1528; x_wconf 91' lang='lat' dir='ltr'><strong>non</strong></span> <span class='ocrx_word' id='word_1_106' title='bbox 522 1475 596 1551; x_wconf 87' lang='lat' dir='ltr'><strong>post</strong></span> <span class='ocrx_word' id='word_1_107' title='bbox 619 1464 798 1548; x_wconf 75' lang='lat' dir='ltr'><strong>Christum,</strong></span> <span class='ocrx_word' id='word_1_108' title='bbox 820 1466 906 1531; x_wconf 90' lang='lat' dir='ltr'><strong>unde</strong></span> <span class='ocrx_word' id='word_1_109' title='bbox 928 1477 959 1532; x_wconf 89' lang='lat' dir='ltr'><strong>et</strong></span> <span class='ocrx_word' id='word_1_110' title='bbox 980 1467 1156 1550; x_wconf 84' lang='lat' dir='ltr'><strong>Pharisaei,</strong></span> 
     </span>
     <span class='ocr_line' id='line_1_14' title="bbox 32 1548 1156 1637; baseline 0.003 -25"><span class='ocrx_word' id='word_1_111' title='bbox 32 1550 91 1635; x_wconf 92' lang='lat' dir='ltr'><strong>qui</strong></span> <span class='ocrx_word' id='word_1_112' title='bbox 114 1549 264 1615; x_wconf 89' lang='lat' dir='ltr'><strong>dicuntur</strong></span> <span class='ocrx_word' id='word_1_113' title='bbox 279 1548 384 1631; x_wconf 90' lang='lat' dir='ltr'><strong>divisi,</strong></span> <span class='ocrx_word' id='word_1_114' title='bbox 406 1548 594 1615; x_wconf 84' lang='lat' dir='ltr'><strong>invidebant</strong></span> <span class='ocrx_word' id='word_1_115' title='bbox 610 1549 746 1632; x_wconf 74' lang='lat' dir='ltr'><strong>Christo,</strong></span> <span class='ocrx_word' id='word_1_116' title='bbox 769 1552 852 1616; x_wconf 90' lang='lat' dir='ltr'><strong>sicut</strong></span> <span class='ocrx_word' id='word_1_117' title='bbox 873 1549 990 1637; x_wconf 86' lang='lat' dir='ltr'><strong>legitur</strong></span> <span class='ocrx_word' id='word_1_118' title='bbox 1012 1553 1045 1614; x_wconf 93' lang='lat' dir='ltr'><strong>in</strong></span> <span class='ocrx_word' id='word_1_119' title='bbox 1061 1573 1156 1617; x_wconf 89' lang='lat' dir='ltr'><strong>euan-</strong></span> 
     </span>
     <span class='ocr_line' id='line_1_15' title="bbox 32 1631 1156 1722; baseline 0.002 -25"><span class='ocrx_word' id='word_1_120' title='bbox 32 1631 130 1718; x_wconf 88' lang='lat' dir='ltr'><strong>gelio,</strong></span> <span class='ocrx_word' id='word_1_121' title='bbox 164 1631 251 1721; x_wconf 90' lang='lat' dir='ltr'><strong>quod</strong></span> <span class='ocrx_word' id='word_1_122' title='bbox 287 1632 392 1706; x_wconf 88' lang='lat' dir='ltr'><strong>turba,</strong></span> <span class='ocrx_word' id='word_1_123' title='bbox 426 1654 508 1719; x_wconf 88' lang='lat' dir='ltr'><strong>quae</strong></span> <span class='ocrx_word' id='word_1_124' title='bbox 541 1633 756 1720; x_wconf 85' lang='lat' dir='ltr'><strong>praecedebat</strong></span> <span class='ocrx_word' id='word_1_125' title='bbox 785 1644 817 1700; x_wconf 88' lang='lat' dir='ltr'><strong>et</strong></span> <span class='ocrx_word' id='word_1_126' title='bbox 847 1657 929 1722; x_wconf 89' lang='lat' dir='ltr'><strong>quae</strong></span> <span class='ocrx_word' id='word_1_127' title='bbox 963 1637 1156 1721; x_wconf 87' lang='lat' dir='ltr'><strong>sequebatur</strong></span> 
     </span>
     <span class='ocr_line' id='line_1_16' title="bbox 32 1717 1317 1804; baseline 0.002 -22"><span class='ocrx_word' id='word_1_128' title='bbox 32 1726 165 1782; x_wconf 90' lang='lat' dir='ltr'><strong>euntem</strong></span> <span class='ocrx_word' id='word_1_129' title='bbox 192 1717 463 1803; x_wconf 85' lang='lat' dir='ltr'><strong>Hierosolymam,</strong></span> <span class='ocrx_word' id='word_1_130' title='bbox 496 1717 538 1782; x_wconf 90' lang='lat' dir='ltr'><strong>ad</strong></span> <span class='ocrx_word' id='word_1_131' title='bbox 570 1719 728 1782; x_wconf 88' lang='lat' dir='ltr'><strong>visionem</strong></span> <span class='ocrx_word' id='word_1_132' title='bbox 760 1718 882 1784; x_wconf 89' lang='lat' dir='ltr'><strong>scilicet</strong></span> <span class='ocrx_word' id='word_1_133' title='bbox 909 1721 1010 1804; x_wconf 90' lang='lat' dir='ltr'><strong>pacis,</strong></span> <span class='ocrx_word' id='word_1_134' title='bbox 1043 1718 1317 1794; x_wconf 66' lang='lat' dir='ltr'><strong>laudesuauaas.</strong></span> 
     </span>
     <span class='ocr_line' id='line_1_17' title="bbox 31 1801 1154 1882; baseline 0.004 -18"><span class='ocrx_word' id='word_1_135' title='bbox 31 1801 262 1867; x_wconf 81' lang='lat' dir='ltr'><strong>acclamaverit</strong></span> <span class='ocrx_word' id='word_1_136' title='bbox 289 1803 335 1865; x_wconf 90' lang='lat' dir='ltr'><strong>ei:</strong></span> <span class='ocrx_word' id='word_1_137' title='bbox 370 1802 520 1881; x_wconf 87' lang='lat' dir='ltr'><strong>Osanna,</strong></span> <span class='ocrx_word' id='word_1_138' title='bbox 551 1803 747 1882; x_wconf 80' lang='lat' dir='ltr'><strong>benedictus,</strong></span> <span class='ocrx_word' id='word_1_139' title='bbox 797 1806 834 1867; x_wconf 88' lang='lat' dir='ltr'><strong>ui</strong></span> <span class='ocrx_word' id='word_1_140' title='bbox 855 1807 943 1868; x_wconf 85' lang='lat' dir='ltr'><strong>venit</strong></span> <span class='ocrx_word' id='word_1_141' title='bbox 963 1806 1000 1868; x_wconf 88' lang='lat' dir='ltr'><strong>in</strong></span> <span class='ocrx_word' id='word_1_142' title='bbox 1023 1807 1154 1869; x_wconf 90' lang='lat' dir='ltr'><strong>nomine</strong></span> 
     </span>
     <span class='ocr_line' id='line_1_18' title="bbox 33 1825 1302 1972; baseline 0.005 -23"><span class='ocrx_word' id='word_1_143' title='bbox 33 1885 185 1968; x_wconf 80' lang='lat' dir='ltr'><strong>Domini,</strong></span> <span class='ocrx_word' id='word_1_144' title='bbox 214 1898 245 1950; x_wconf 89' lang='lat' dir='ltr'><strong>et</strong></span> <span class='ocrx_word' id='word_1_145' title='bbox 272 1885 439 1950; x_wconf 91' lang='lat' dir='ltr'><strong>dicebant:</strong></span> <span class='ocrx_word' id='word_1_146' title='bbox 467 1886 596 1967; x_wconf 82' lang='lat' dir='ltr'><strong>Videtis,</strong></span> <span class='ocrx_word' id='word_1_147' title='bbox 626 1890 706 1972; x_wconf 82' lang='lat' dir='ltr'><strong>quia</strong></span> <span class='ocrx_word' id='word_1_148' title='bbox 738 1825 823 1951; x_wconf 74' lang='lat' dir='ltr'><strong>ndu</strong></span> <span class='ocrx_word' id='word_1_149' title='bbox 850 1888 1053 1971; x_wconf 79' lang='lat' dir='ltr'><strong>proficimus,</strong></span> <span class='ocrx_word' id='word_1_150' title='bbox 1087 1911 1302 1965; x_wconf 74' lang='lat' dir='ltr'><strong>emersuram.</strong></span> 
     </span>
     <span class='ocr_line' id='line_1_19' title="bbox 32 1967 1309 2058; baseline 0.005 -23"><span class='ocrx_word' id='word_1_151' title='bbox 32 1971 181 2036; x_wconf 80' lang='lat' dir='ltr'><strong>mundus</strong></span> <span class='ocrx_word' id='word_1_152' title='bbox 194 1979 279 2035; x_wconf 82' lang='lat' dir='ltr'><strong>totus</strong></span> <span class='ocrx_word' id='word_1_153' title='bbox 295 1981 374 2054; x_wconf 78' lang='lat' dir='ltr'><strong>post</strong></span> <span class='ocrx_word' id='word_1_154' title='bbox 388 1993 460 2034; x_wconf 92' lang='lat' dir='ltr'><strong>eum</strong></span> <span class='ocrx_word' id='word_1_155' title='bbox 476 1969 565 2035; x_wconf 86' lang='lat' dir='ltr'><strong>abiit.</strong></span> <span class='ocrx_word' id='word_1_156' title='bbox 597 1969 642 2034; x_wconf 86' lang='lat' dir='ltr'><strong>Et</strong></span> <span class='ocrx_word' id='word_1_157' title='bbox 661 1967 728 2035; x_wconf 89' lang='lat' dir='ltr'><strong>ille:</strong></span> <span class='ocrx_word' id='word_1_158' title='bbox 754 1970 832 2036; x_wconf 87' lang='lat' dir='ltr'><strong>Cum</strong></span> <span class='ocrx_word' id='word_1_159' title='bbox 847 1972 1019 2052; x_wconf 74' lang='lat' dir='ltr'><strong>exaltatus,</strong></span> <span class='ocrx_word' id='word_1_160' title='bbox 1040 1972 1309 2058; x_wconf 79' lang='lat' dir='ltr'><strong>inquit,10u.1s,ea</strong></span> 
     </span>
     <span class='ocr_line' id='line_1_20' title="bbox 21 2053 1156 2141; baseline 0 -23"><span class='ocrx_word' id='word_1_161' title='bbox 21 2053 143 2140; x_wconf 82' lang='lat' dir='ltr'><strong>fuero,</strong></span> <span class='ocrx_word' id='word_1_162' title='bbox 172 2056 282 2119; x_wconf 88' lang='lat' dir='ltr'><strong>omnia</strong></span> <span class='ocrx_word' id='word_1_163' title='bbox 302 2056 434 2118; x_wconf 86' lang='lat' dir='ltr'><strong>traham</strong></span> <span class='ocrx_word' id='word_1_164' title='bbox 465 2055 510 2118; x_wconf 91' lang='lat' dir='ltr'><strong>ad</strong></span> <span class='ocrx_word' id='word_1_165' title='bbox 535 2077 592 2119; x_wconf 93' lang='lat' dir='ltr'><strong>me.</strong></span> <span class='ocrx_word' id='word_1_166' title='bbox 636 2053 680 2119; x_wconf 87' lang='lat' dir='ltr'><strong>Et</strong></span> <span class='ocrx_word' id='word_1_167' title='bbox 700 2057 823 2140; x_wconf 86' lang='lat' dir='ltr'><strong>gratias</strong></span> <span class='ocrx_word' id='word_1_168' title='bbox 844 2076 945 2139; x_wconf 85' lang='lat' dir='ltr'><strong>agens</strong></span> <span class='ocrx_word' id='word_1_169' title='bbox 966 2055 1038 2119; x_wconf 89' lang='lat' dir='ltr'><strong>Deo</strong></span> <span class='ocrx_word' id='word_1_170' title='bbox 1061 2057 1156 2141; x_wconf 87' lang='lat' dir='ltr'><strong>patri,</strong></span> 
     </span>
     <span class='ocr_line' id='line_1_21' title="bbox 33 2137 1155 2225; baseline 0.003 -24"><span class='ocrx_word' id='word_1_171' title='bbox 33 2138 124 2225; x_wconf 90' lang='lat' dir='ltr'><strong>quod</strong></span> <span class='ocrx_word' id='word_1_172' title='bbox 151 2138 283 2203; x_wconf 89' lang='lat' dir='ltr'><strong>mitibus</strong></span> <span class='ocrx_word' id='word_1_173' title='bbox 316 2148 412 2225; x_wconf 89' lang='lat' dir='ltr'><strong>atque</strong></span> <span class='ocrx_word' id='word_1_174' title='bbox 444 2139 619 2202; x_wconf 87' lang='lat' dir='ltr'><strong>mansuetis</strong></span> <span class='ocrx_word' id='word_1_175' title='bbox 651 2137 841 2205; x_wconf 88' lang='lat' dir='ltr'><strong>revelaverit</strong></span> <span class='ocrx_word' id='word_1_176' title='bbox 870 2149 1069 2204; x_wconf 88' lang='lat' dir='ltr'><strong>sacramenta</strong></span> <span class='ocrx_word' id='word_1_177' title='bbox 1101 2139 1155 2204; x_wconf 89' lang='lat' dir='ltr'><strong>ad-</strong></span> 
     </span>
     <span class='ocr_line' id='line_1_22' title="bbox 31 2209 1288 2310; baseline 0.001 -25"><span class='ocrx_word' id='word_1_178' title='bbox 31 2233 152 2287; x_wconf 88' lang='lat' dir='ltr'><strong>ventus</strong></span> <span class='ocrx_word' id='word_1_179' title='bbox 175 2223 234 2303; x_wconf 90' lang='lat' dir='ltr'><strong>sui,</strong></span> <span class='ocrx_word' id='word_1_180' title='bbox 258 2243 341 2308; x_wconf 91' lang='lat' dir='ltr'><strong>quae</strong></span> <span class='ocrx_word' id='word_1_181' title='bbox 366 2223 549 2287; x_wconf 88' lang='lat' dir='ltr'><strong>nescierunt</strong></span> <span class='ocrx_word' id='word_1_182' title='bbox 571 2222 695 2288; x_wconf 90' lang='lat' dir='ltr'><strong>scribae</strong></span> <span class='ocrx_word' id='word_1_183' title='bbox 718 2233 750 2286; x_wconf 90' lang='lat' dir='ltr'><strong>et</strong></span> <span class='ocrx_word' id='word_1_184' title='bbox 770 2221 952 2288; x_wconf 86' lang='lat' dir='ltr'><strong>Pharisaei:</strong></span> <span class='ocrx_word' id='word_1_185' title='bbox 986 2209 1288 2310; x_wconf 51' lang='lat' dir='ltr'><strong>Cauaseumffigg‘ssti</strong></span> 
     </span>
     <span class='ocr_line' id='line_1_23' title="bbox 31 2305 1155 2408; baseline 0.003 -39"><span class='ocrx_word' id='word_1_186' title='bbox 31 2305 151 2391; x_wconf 90' lang='lat' dir='ltr'><strong>inquit,</strong></span> <span class='ocrx_word' id='word_1_187' title='bbox 181 2307 242 2371; x_wconf 83' lang='lat' dir='ltr'><strong>tibi</strong></span> <span class='ocrx_word' id='word_1_188' title='bbox 263 2317 373 2408; x_wconf 68' lang='lat' dir='ltr'><strong>pater,</strong></span> <span class='ocrx_word' id='word_1_189' title='bbox 404 2308 534 2372; x_wconf 87' lang='lat' dir='ltr'><strong>domine</strong></span> <span class='ocrx_word' id='word_1_190' title='bbox 556 2305 640 2371; x_wconf 85' lang='lat' dir='ltr'><strong>caeli</strong></span> <span class='ocrx_word' id='word_1_191' title='bbox 661 2317 689 2371; x_wconf 91' lang='lat' dir='ltr'><strong>et</strong></span> <span class='ocrx_word' id='word_1_192' title='bbox 710 2316 827 2386; x_wconf 82' lang='lat' dir='ltr'><strong>terrae,</strong></span> <span class='ocrx_word' id='word_1_193' title='bbox 850 2310 931 2392; x_wconf 82' lang='lat' dir='ltr'><strong>quia</strong></span> <span class='ocrx_word' id='word_1_194' title='bbox 954 2308 1155 2372; x_wconf 81' lang='lat' dir='ltr'><strong>abscondisti</strong></span> 
     </span>
     <span class='ocr_line' id='line_1_24' title="bbox 32 2391 1154 2477; baseline 0.003 -23"><span class='ocrx_word' id='word_1_195' title='bbox 32 2391 116 2455; x_wconf 83' lang='lat' dir='ltr'><strong>baec</strong></span> <span class='ocrx_word' id='word_1_196' title='bbox 144 2414 166 2454; x_wconf 89' lang='lat' dir='ltr'><strong>a</strong></span> <span class='ocrx_word' id='word_1_197' title='bbox 194 2392 397 2474; x_wconf 76' lang='lat' dir='ltr'><strong>captantibus</strong></span> <span class='ocrx_word' id='word_1_198' title='bbox 419 2400 448 2455; x_wconf 88' lang='lat' dir='ltr'><strong>et</strong></span> <span class='ocrx_word' id='word_1_199' title='bbox 464 2391 687 2477; x_wconf 80' lang='lat' dir='ltr'><strong>prudentibus</strong></span> <span class='ocrx_word' id='word_1_200' title='bbox 709 2401 738 2454; x_wconf 94' lang='lat' dir='ltr'><strong>et</strong></span> <span class='ocrx_word' id='word_1_201' title='bbox 758 2392 910 2456; x_wconf 83' lang='lat' dir='ltr'><strong>revelasti</strong></span> <span class='ocrx_word' id='word_1_202' title='bbox 930 2414 969 2455; x_wconf 94' lang='lat' dir='ltr'><strong>ea</strong></span> <span class='ocrx_word' id='word_1_203' title='bbox 987 2392 1154 2476; x_wconf 81' lang='lat' dir='ltr'><strong>paruulis.</strong></span> 
     </span>
    </p>

    <p class='ocr_par' dir='ltr' id='par_1_5' title="bbox 22 2474 1303 4054">
     <span class='ocr_line' id='line_1_25' title="bbox 32 2474 1154 2561; baseline 0.004 -23"><span class='ocrx_word' id='word_1_204' title='bbox 32 2474 89 2538; x_wconf 89' lang='lat' dir='ltr'><strong>Ita</strong></span> <span class='ocrx_word' id='word_1_205' title='bbox 136 2484 215 2555; x_wconf 87' lang='lat' dir='ltr'><strong>ater,</strong></span> <span class='ocrx_word' id='word_1_206' title='bbox 239 2477 395 2561; x_wconf 83' lang='lat' dir='ltr'><strong>quoniam</strong></span> <span class='ocrx_word' id='word_1_207' title='bbox 417 2477 464 2540; x_wconf 85' lang='lat' dir='ltr'><strong>sic</strong></span> <span class='ocrx_word' id='word_1_208' title='bbox 477 2475 553 2560; x_wconf 87' lang='lat' dir='ltr'><strong>fuit</strong></span> <span class='ocrx_word' id='word_1_209' title='bbox 598 2474 733 2540; x_wconf 86' lang='lat' dir='ltr'><strong>lucitum</strong></span> <span class='ocrx_word' id='word_1_210' title='bbox 756 2485 831 2559; x_wconf 83' lang='lat' dir='ltr'><strong>ante</strong></span> <span class='ocrx_word' id='word_1_211' title='bbox 852 2486 891 2539; x_wconf 87' lang='lat' dir='ltr'><strong>te.</strong></span> <span class='ocrx_word' id='word_1_212' title='bbox 931 2476 1050 2541; x_wconf 89' lang='lat' dir='ltr'><strong>Omnia</strong></span> <span class='ocrx_word' id='word_1_213' title='bbox 1072 2478 1154 2543; x_wconf 86' lang='lat' dir='ltr'><strong>mihi</strong></span> 
     </span>
     <span class='ocr_line' id='line_1_26' title="bbox 31 2497 1154 2640; baseline 0.001 -18"><span class='ocrx_word' id='word_1_214' title='bbox 31 2497 165 2623; x_wconf 59' lang='lat' dir='ltr'><strong>tradita</strong></span> <span class='ocrx_word' id='word_1_215' title='bbox 187 2569 264 2623; x_wconf 82' lang='lat' dir='ltr'><strong>sunt</strong></span> <span class='ocrx_word' id='word_1_216' title='bbox 286 2582 308 2623; x_wconf 89' lang='lat' dir='ltr'><strong>a</strong></span> <span class='ocrx_word' id='word_1_217' title='bbox 355 2570 424 2624; x_wconf 82' lang='lat' dir='ltr'><strong>atre</strong></span> <span class='ocrx_word' id='word_1_218' title='bbox 444 2582 522 2623; x_wconf 87' lang='lat' dir='ltr'><strong>meo.</strong></span> <span class='ocrx_word' id='word_1_219' title='bbox 587 2580 651 2640; x_wconf 88' lang='lat' dir='ltr'><strong>cce,</strong></span> <span class='ocrx_word' id='word_1_220' title='bbox 675 2580 748 2623; x_wconf 89' lang='lat' dir='ltr'><strong>cum</strong></span> <span class='ocrx_word' id='word_1_221' title='bbox 771 2558 931 2624; x_wconf 87' lang='lat' dir='ltr'><strong>exaltatus</strong></span> <span class='ocrx_word' id='word_1_222' title='bbox 952 2559 1049 2625; x_wconf 89' lang='lat' dir='ltr'><strong>fuerit</strong></span> <span class='ocrx_word' id='word_1_223' title='bbox 1064 2560 1154 2626; x_wconf 82' lang='lat' dir='ltr'><strong>Chri-</strong></span> 
     </span>
     <span class='ocr_line' id='line_1_27' title="bbox 32 2641 1154 2731; baseline 0 -23"><span class='ocrx_word' id='word_1_224' title='bbox 32 2655 113 2723; x_wconf 86' lang='lat' dir='ltr'><strong>stus,</strong></span> <span class='ocrx_word' id='word_1_225' title='bbox 145 2641 263 2707; x_wconf 90' lang='lat' dir='ltr'><strong>dicitur</strong></span> <span class='ocrx_word' id='word_1_226' title='bbox 293 2664 313 2706; x_wconf 92' lang='lat' dir='ltr'><strong>a</strong></span> <span class='ocrx_word' id='word_1_227' title='bbox 365 2665 399 2709; x_wconf 91' lang='lat' dir='ltr'><strong>se</strong></span> <span class='ocrx_word' id='word_1_228' title='bbox 429 2644 536 2707; x_wconf 89' lang='lat' dir='ltr'><strong>omnia</strong></span> <span class='ocrx_word' id='word_1_229' title='bbox 564 2642 700 2726; x_wconf 86' lang='lat' dir='ltr'><strong>trahere,</strong></span> <span class='ocrx_word' id='word_1_230' title='bbox 731 2652 762 2708; x_wconf 91' lang='lat' dir='ltr'><strong>et</strong></span> <span class='ocrx_word' id='word_1_231' title='bbox 792 2642 853 2708; x_wconf 90' lang='lat' dir='ltr'><strong>sibi</strong></span> <span class='ocrx_word' id='word_1_232' title='bbox 884 2645 991 2709; x_wconf 89' lang='lat' dir='ltr'><strong>omnia</strong></span> <span class='ocrx_word' id='word_1_233' title='bbox 1019 2666 1039 2714; x_wconf 84' lang='lat' dir='ltr'><strong>a</strong></span> <span class='ocrx_word' id='word_1_234' title='bbox 1063 2653 1154 2731; x_wconf 89' lang='lat' dir='ltr'><strong>patre</strong></span> 
     </span>
     <span class='ocr_line' id='line_1_28' title="bbox 32 2725 1154 2813; baseline 0.001 -21"><span class='ocrx_word' id='word_1_235' title='bbox 32 2726 156 2792; x_wconf 89' lang='lat' dir='ltr'><strong>tradita</strong></span> <span class='ocrx_word' id='word_1_236' title='bbox 187 2747 266 2790; x_wconf 88' lang='lat' dir='ltr'><strong>esse.</strong></span> <span class='ocrx_word' id='word_1_237' title='bbox 311 2726 377 2793; x_wconf 86' lang='lat' dir='ltr'><strong>Sed</strong></span> <span class='ocrx_word' id='word_1_238' title='bbox 397 2725 459 2808; x_wconf 90' lang='lat' dir='ltr'><strong>ille,</strong></span> <span class='ocrx_word' id='word_1_239' title='bbox 483 2727 538 2813; x_wconf 94' lang='lat' dir='ltr'><strong>qui</strong></span> <span class='ocrx_word' id='word_1_240' title='bbox 560 2749 624 2790; x_wconf 91' lang='lat' dir='ltr'><strong>non</strong></span> <span class='ocrx_word' id='word_1_241' title='bbox 645 2737 694 2792; x_wconf 90' lang='lat' dir='ltr'><strong>est</strong></span> <span class='ocrx_word' id='word_1_242' title='bbox 714 2729 748 2791; x_wconf 92' lang='lat' dir='ltr'><strong>in</strong></span> <span class='ocrx_word' id='word_1_243' title='bbox 771 2728 830 2792; x_wconf 92' lang='lat' dir='ltr'><strong>hac</strong></span> <span class='ocrx_word' id='word_1_244' title='bbox 852 2729 1071 2810; x_wconf 88' lang='lat' dir='ltr'><strong>universitate,</strong></span> <span class='ocrx_word' id='word_1_245' title='bbox 1092 2729 1154 2793; x_wconf 90' lang='lat' dir='ltr'><strong>hoe</strong></span> 
     </span>
     <span class='ocr_line' id='line_1_29' title="bbox 34 2808 1154 2899; baseline 0.001 -22"><span class='ocrx_word' id='word_1_246' title='bbox 34 2818 85 2877; x_wconf 88' lang='lat' dir='ltr'><strong>est</strong></span> <span class='ocrx_word' id='word_1_247' title='bbox 104 2811 139 2875; x_wconf 90' lang='lat' dir='ltr'><strong>in</strong></span> <span class='ocrx_word' id='word_1_248' title='bbox 154 2808 310 2874; x_wconf 88' lang='lat' dir='ltr'><strong>catholica</strong></span> <span class='ocrx_word' id='word_1_249' title='bbox 326 2808 470 2892; x_wconf 88' lang='lat' dir='ltr'><strong>ecelesia,</strong></span> <span class='ocrx_word' id='word_1_250' title='bbox 493 2811 605 2876; x_wconf 88' lang='lat' dir='ltr'><strong>scribit</strong></span> <span class='ocrx_word' id='word_1_251' title='bbox 618 2810 708 2876; x_wconf 87' lang='lat' dir='ltr'><strong>talia:</strong></span> <span class='ocrx_word' id='word_1_252' title='bbox 731 2812 811 2893; x_wconf 82' lang='lat' dir='ltr'><strong>Nos,</strong></span> <span class='ocrx_word' id='word_1_253' title='bbox 827 2813 941 2897; x_wconf 90' lang='lat' dir='ltr'><strong>inquit,</strong></span> <span class='ocrx_word' id='word_1_254' title='bbox 962 2814 1020 2899; x_wconf 85' lang='lat' dir='ltr'><strong>qui</strong></span> <span class='ocrx_word' id='word_1_255' title='bbox 1032 2816 1154 2878; x_wconf 74' lang='lat' dir='ltr'><strong>inustam</strong></span> 
     </span>
     <span class='ocr_line' id='line_1_30' title="bbox 26 2893 1154 2981; baseline 0.004 -23"><span class='ocrx_word' id='word_1_256' title='bbox 26 2903 161 2981; x_wconf 78' lang='lat' dir='ltr'><strong>partem</strong></span> <span class='ocrx_word' id='word_1_257' title='bbox 183 2893 340 2980; x_wconf 75' lang='lat' dir='ltr'><strong>Greqorii</strong></span> <span class='ocrx_word' id='word_1_258' title='bbox 360 2899 429 2961; x_wconf 89' lang='lat' dir='ltr'><strong>iam</strong></span> <span class='ocrx_word' id='word_1_259' title='bbox 453 2918 473 2958; x_wconf 94' lang='lat' dir='ltr'><strong>a</strong></span> <span class='ocrx_word' id='word_1_260' title='bbox 488 2896 558 2959; x_wconf 91' lang='lat' dir='ltr'><strong>Deo</strong></span> <span class='ocrx_word' id='word_1_261' title='bbox 582 2899 752 2980; x_wconf 79' lang='lat' dir='ltr'><strong>assunapti,</strong></span> <span class='ocrx_word' id='word_1_262' title='bbox 775 2899 860 2960; x_wconf 82' lang='lat' dir='ltr'><strong>sieut</strong></span> <span class='ocrx_word' id='word_1_263' title='bbox 880 2899 1003 2962; x_wconf 81' lang='lat' dir='ltr'><strong>iustum</strong></span> <span class='ocrx_word' id='word_1_264' title='bbox 1024 2907 1079 2978; x_wconf 84' lang='lat' dir='ltr'><strong>est,</strong></span> <span class='ocrx_word' id='word_1_265' title='bbox 1102 2900 1154 2963; x_wconf 90' lang='lat' dir='ltr'><strong>de-</strong></span> 
     </span>
     <span class='ocr_line' id='line_1_31' title="bbox 22 2979 1151 3065; baseline 0.004 -23"><span class='ocrx_word' id='word_1_266' title='bbox 22 2979 212 3065; x_wconf 85' lang='lat' dir='ltr'><strong>fendimus,</strong></span> <span class='ocrx_word' id='word_1_267' title='bbox 268 3001 302 3042; x_wconf 83' lang='lat' dir='ltr'><strong>er</strong></span> <span class='ocrx_word' id='word_1_268' title='bbox 325 2979 382 3044; x_wconf 82' lang='lat' dir='ltr'><strong>boc</strong></span> <span class='ocrx_word' id='word_1_269' title='bbox 412 3003 478 3044; x_wconf 78' lang='lat' dir='ltr'><strong>ason</strong></span> <span class='ocrx_word' id='word_1_270' title='bbox 508 2980 643 3059; x_wconf 84' lang='lat' dir='ltr'><strong>homini,</strong></span> <span class='ocrx_word' id='word_1_271' title='bbox 670 2980 727 3043; x_wconf 81' lang='lat' dir='ltr'><strong>sed</strong></span> <span class='ocrx_word' id='word_1_272' title='bbox 750 2979 812 3043; x_wconf 81' lang='lat' dir='ltr'><strong>soli</strong></span> <span class='ocrx_word' id='word_1_273' title='bbox 835 2981 904 3044; x_wconf 89' lang='lat' dir='ltr'><strong>Deo</strong></span> <span class='ocrx_word' id='word_1_274' title='bbox 922 2980 1055 3065; x_wconf 79' lang='lat' dir='ltr'><strong>placere</strong></span> <span class='ocrx_word' id='word_1_275' title='bbox 1077 3005 1151 3047; x_wconf 87' lang='lat' dir='ltr'><strong>cou-</strong></span> 
     </span>
     <span class='ocr_line' id='line_1_32' title="bbox 31 3062 1152 3148; baseline 0 -21"><span class='ocrx_word' id='word_1_276' title='bbox 31 3062 206 3128; x_wconf 83' lang='lat' dir='ltr'><strong>tendimus.</strong></span> <span class='ocrx_word' id='word_1_277' title='bbox 279 3085 347 3148; x_wconf 85' lang='lat' dir='ltr'><strong>rgo,</strong></span> <span class='ocrx_word' id='word_1_278' title='bbox 375 3064 460 3127; x_wconf 83' lang='lat' dir='ltr'><strong>sicut</strong></span> <span class='ocrx_word' id='word_1_279' title='bbox 481 3063 602 3127; x_wconf 87' lang='lat' dir='ltr'><strong>dietum</strong></span> <span class='ocrx_word' id='word_1_280' title='bbox 624 3072 736 3127; x_wconf 88' lang='lat' dir='ltr'><strong>estex</strong></span> <span class='ocrx_word' id='word_1_281' title='bbox 757 3064 946 3129; x_wconf 88' lang='lat' dir='ltr'><strong>auctoritate</strong></span> <span class='ocrx_word' id='word_1_282' title='bbox 968 3074 1152 3129; x_wconf 88' lang='lat' dir='ltr'><strong>sanctorum</strong></span> 
     </span>
     <span class='ocr_line' id='line_1_33' title="bbox 33 3145 1151 3233; baseline 0.003 -23"><span class='ocrx_word' id='word_1_283' title='bbox 33 3156 175 3233; x_wconf 88' lang='lat' dir='ltr'><strong>patrum,</strong></span> <span class='ocrx_word' id='word_1_284' title='bbox 202 3146 345 3229; x_wconf 88' lang='lat' dir='ltr'><strong>heretici,</strong></span> <span class='ocrx_word' id='word_1_285' title='bbox 373 3147 450 3212; x_wconf 92' lang='lat' dir='ltr'><strong>dum</strong></span> <span class='ocrx_word' id='word_1_286' title='bbox 472 3145 643 3212; x_wconf 89' lang='lat' dir='ltr'><strong>defendere</strong></span> <span class='ocrx_word' id='word_1_287' title='bbox 664 3146 773 3211; x_wconf 91' lang='lat' dir='ltr'><strong>Deum</strong></span> <span class='ocrx_word' id='word_1_288' title='bbox 795 3148 948 3226; x_wconf 89' lang='lat' dir='ltr'><strong>nituntur,</strong></span> <span class='ocrx_word' id='word_1_289' title='bbox 971 3147 1151 3230; x_wconf 81' lang='lat' dir='ltr'><strong>offendunt3</strong></span> 
     </span>
     <span class='ocr_line' id='line_1_34' title="bbox 32 3230 1151 3331; baseline -0.001 -35"><span class='ocrx_word' id='word_1_290' title='bbox 32 3239 155 3331; x_wconf 74' lang='lat' dir='ltr'><strong>quanto</strong></span> <span class='ocrx_word' id='word_1_291' title='bbox 176 3233 280 3314; x_wconf 86' lang='lat' dir='ltr'><strong>magis</strong></span> <span class='ocrx_word' id='word_1_292' title='bbox 303 3232 360 3318; x_wconf 91' lang='lat' dir='ltr'><strong>qui</strong></span> <span class='ocrx_word' id='word_1_293' title='bbox 373 3241 499 3318; x_wconf 88' lang='lat' dir='ltr'><strong>partem</strong></span> <span class='ocrx_word' id='word_1_294' title='bbox 513 3230 648 3295; x_wconf 91' lang='lat' dir='ltr'><strong>alicuius</strong></span> <span class='ocrx_word' id='word_1_295' title='bbox 663 3230 801 3296; x_wconf 91' lang='lat' dir='ltr'><strong>hominis</strong></span> <span class='ocrx_word' id='word_1_296' title='bbox 823 3230 1011 3296; x_wconf 86' lang='lat' dir='ltr'><strong>defendunt!</strong></span> <span class='ocrx_word' id='word_1_297' title='bbox 1044 3232 1151 3297; x_wconf 91' lang='lat' dir='ltr'><strong>Unum</strong></span> 
     </span>
     <span class='ocr_line' id='line_1_35' title="bbox 31 3313 1152 3401; baseline 0.001 -22"><span class='ocrx_word' id='word_1_298' title='bbox 31 3324 144 3401; x_wconf 80' lang='lat' dir='ltr'><strong>ltaque</strong></span> <span class='ocrx_word' id='word_1_299' title='bbox 174 3315 302 3400; x_wconf 84' lang='lat' dir='ltr'><strong>signum</strong></span> <span class='ocrx_word' id='word_1_300' title='bbox 331 3327 380 3381; x_wconf 88' lang='lat' dir='ltr'><strong>est</strong></span> <span class='ocrx_word' id='word_1_301' title='bbox 408 3314 589 3380; x_wconf 87' lang='lat' dir='ltr'><strong>electionis:</strong></span> <span class='ocrx_word' id='word_1_302' title='bbox 619 3313 764 3380; x_wconf 87' lang='lat' dir='ltr'><strong>soliditas</strong></span> <span class='ocrx_word' id='word_1_303' title='bbox 791 3317 943 3380; x_wconf 89' lang='lat' dir='ltr'><strong>caritatis.</strong></span> <span class='ocrx_word' id='word_1_304' title='bbox 988 3315 1083 3380; x_wconf 89' lang='lat' dir='ltr'><strong>Unde</strong></span> <span class='ocrx_word' id='word_1_305' title='bbox 1113 3339 1152 3380; x_wconf 90' lang='lat' dir='ltr'><strong>ne</strong></span> 
     </span>
     <span class='ocr_line' id='line_1_36' title="bbox 29 3397 1153 3486; baseline 0.002 -24"><span class='ocrx_word' id='word_1_306' title='bbox 29 3398 86 3464; x_wconf 93' lang='lat' dir='ltr'><strong>vel</strong></span> <span class='ocrx_word' id='word_1_307' title='bbox 100 3397 263 3464; x_wconf 88' lang='lat' dir='ltr'><strong>miraculis</strong></span> <span class='ocrx_word' id='word_1_308' title='bbox 280 3398 409 3486; x_wconf 88' lang='lat' dir='ltr'><strong>quidem</strong></span> <span class='ocrx_word' id='word_1_309' title='bbox 426 3423 462 3464; x_wconf 92' lang='lat' dir='ltr'><strong>re</strong></span> <span class='ocrx_word' id='word_1_310' title='bbox 486 3399 636 3465; x_wconf 93' lang='lat' dir='ltr'><strong>roborum</strong></span> <span class='ocrx_word' id='word_1_311' title='bbox 658 3400 860 3480; x_wconf 86' lang='lat' dir='ltr'><strong>seducamur,</strong></span> <span class='ocrx_word' id='word_1_312' title='bbox 883 3421 964 3486; x_wconf 86' lang='lat' dir='ltr'><strong>quae</strong></span> <span class='ocrx_word' id='word_1_313' title='bbox 985 3421 1050 3463; x_wconf 90' lang='lat' dir='ltr'><strong>non</strong></span> <span class='ocrx_word' id='word_1_314' title='bbox 1072 3400 1153 3464; x_wconf 88' lang='lat' dir='ltr'><strong>fiunt</strong></span> 
     </span>
     <span class='ocr_line' id='line_1_37' title="bbox 31 3422 1303 3570; baseline 0.003 -21"><span class='ocrx_word' id='word_1_315' title='bbox 31 3506 76 3549; x_wconf 86' lang='lat' dir='ltr'><strong>ex</strong></span> <span class='ocrx_word' id='word_1_316' title='bbox 104 3484 247 3567; x_wconf 89' lang='lat' dir='ltr'><strong>caritate,</strong></span> <span class='ocrx_word' id='word_1_317' title='bbox 278 3484 337 3548; x_wconf 88' lang='lat' dir='ltr'><strong>sed</strong></span> <span class='ocrx_word' id='word_1_318' title='bbox 365 3505 424 3569; x_wconf 89' lang='lat' dir='ltr'><strong>per</strong></span> <span class='ocrx_word' id='word_1_319' title='bbox 452 3422 652 3548; x_wconf 78' lang='lat' dir='ltr'><strong>electionem.</strong></span> <span class='ocrx_word' id='word_1_320' title='bbox 695 3485 735 3548; x_wconf 92' lang='lat' dir='ltr'><strong>In</strong></span> <span class='ocrx_word' id='word_1_321' title='bbox 758 3486 826 3566; x_wconf 84' lang='lat' dir='ltr'><strong>bae,</strong></span> <span class='ocrx_word' id='word_1_322' title='bbox 853 3485 957 3570; x_wconf 90' lang='lat' dir='ltr'><strong>inquit</strong></span> <span class='ocrx_word' id='word_1_323' title='bbox 982 3483 1151 3565; x_wconf 89' lang='lat' dir='ltr'><strong>Dominus,</strong></span> <span class='ocrx_word' id='word_1_324' title='bbox 1162 3508 1212 3551; x_wconf 78' lang='lat' dir='ltr'><strong>rou.</strong></span> <span class='ocrx_word' id='word_1_325' title='bbox 1225 3509 1303 3563; x_wconf 64' lang='lat' dir='ltr'><strong>reas.</strong></span> 
     </span>
     <span class='ocr_line' id='line_1_38' title="bbox 31 3569 1152 3655; baseline -0.001 -21"><span class='ocrx_word' id='word_1_326' title='bbox 31 3577 228 3653; x_wconf 63' lang='lat' dir='ltr'><strong>coenassent</strong></span> <span class='ocrx_word' id='word_1_327' title='bbox 260 3591 378 3649; x_wconf 82' lang='lat' dir='ltr'><strong>omnes,</strong></span> <span class='ocrx_word' id='word_1_328' title='bbox 408 3570 489 3654; x_wconf 80' lang='lat' dir='ltr'><strong>quia</strong></span> <span class='ocrx_word' id='word_1_329' title='bbox 515 3571 578 3632; x_wconf 90' lang='lat' dir='ltr'><strong>mei</strong></span> <span class='ocrx_word' id='word_1_330' title='bbox 604 3576 677 3633; x_wconf 79' lang='lat' dir='ltr'><strong>estis</strong></span> <span class='ocrx_word' id='word_1_331' title='bbox 703 3569 872 3655; x_wconf 78' lang='lat' dir='ltr'><strong>discipuli,</strong></span> <span class='ocrx_word' id='word_1_332' title='bbox 899 3573 931 3632; x_wconf 82' lang='lat' dir='ltr'><strong>si</strong></span> <span class='ocrx_word' id='word_1_333' title='bbox 951 3569 1152 3634; x_wconf 88' lang='lat' dir='ltr'><strong>dilectionem</strong></span> 
     </span>
     <span class='ocr_line' id='line_1_39' title="bbox 32 3651 1152 3738; baseline 0.001 -22"><span class='ocrx_word' id='word_1_334' title='bbox 32 3652 216 3716; x_wconf 78' lang='lat' dir='ltr'><strong>habueritis</strong></span> <span class='ocrx_word' id='word_1_335' title='bbox 250 3653 295 3716; x_wconf 92' lang='lat' dir='ltr'><strong>ad</strong></span> <span class='ocrx_word' id='word_1_336' title='bbox 327 3652 469 3716; x_wconf 81' lang='lat' dir='ltr'><strong>invicem.</strong></span> <span class='ocrx_word' id='word_1_337' title='bbox 512 3651 616 3738; x_wconf 81' lang='lat' dir='ltr'><strong>Igitur</strong></span> <span class='ocrx_word' id='word_1_338' title='bbox 646 3651 704 3716; x_wconf 93' lang='lat' dir='ltr'><strong>ubi</strong></span> <span class='ocrx_word' id='word_1_339' title='bbox 735 3674 799 3716; x_wconf 93' lang='lat' dir='ltr'><strong>non</strong></span> <span class='ocrx_word' id='word_1_340' title='bbox 828 3661 877 3718; x_wconf 89' lang='lat' dir='ltr'><strong>est</strong></span> <span class='ocrx_word' id='word_1_341' title='bbox 909 3654 1034 3734; x_wconf 87' lang='lat' dir='ltr'><strong>caritas,</strong></span> <span class='ocrx_word' id='word_1_342' title='bbox 1067 3652 1152 3717; x_wconf 90' lang='lat' dir='ltr'><strong>unde</strong></span> 
     </span>
     <span class='ocr_line' id='line_1_40' title="bbox 29 3734 1151 3820; baseline 0.002 -20"><span class='ocrx_word' id='word_1_343' title='bbox 29 3737 143 3800; x_wconf 91' lang='lat' dir='ltr'><strong>unitur</strong></span> <span class='ocrx_word' id='word_1_344' title='bbox 169 3734 318 3818; x_wconf 89' lang='lat' dir='ltr'><strong>ecclesia,</strong></span> <span class='ocrx_word' id='word_1_345' title='bbox 346 3735 393 3800; x_wconf 94' lang='lat' dir='ltr'><strong>ibi</strong></span> <span class='ocrx_word' id='word_1_346' title='bbox 421 3757 486 3799; x_wconf 90' lang='lat' dir='ltr'><strong>non</strong></span> <span class='ocrx_word' id='word_1_347' title='bbox 508 3746 556 3800; x_wconf 89' lang='lat' dir='ltr'><strong>est</strong></span> <span class='ocrx_word' id='word_1_348' title='bbox 577 3736 709 3816; x_wconf 90' lang='lat' dir='ltr'><strong>iustitia,</strong></span> <span class='ocrx_word' id='word_1_349' title='bbox 733 3747 765 3802; x_wconf 89' lang='lat' dir='ltr'><strong>et</strong></span> <span class='ocrx_word' id='word_1_350' title='bbox 785 3736 842 3800; x_wconf 92' lang='lat' dir='ltr'><strong>ubi</strong></span> <span class='ocrx_word' id='word_1_351' title='bbox 863 3757 929 3801; x_wconf 91' lang='lat' dir='ltr'><strong>non</strong></span> <span class='ocrx_word' id='word_1_352' title='bbox 950 3746 1000 3802; x_wconf 90' lang='lat' dir='ltr'><strong>est</strong></span> <span class='ocrx_word' id='word_1_353' title='bbox 1020 3738 1151 3820; x_wconf 90' lang='lat' dir='ltr'><strong>iustitia,</strong></span> 
     </span>
     <span class='ocr_line' id='line_1_41' title="bbox 29 3818 1151 3906; baseline 0 -22"><span class='ocrx_word' id='word_1_354' title='bbox 29 3818 80 3884; x_wconf 90' lang='lat' dir='ltr'><strong>ihi</strong></span> <span class='ocrx_word' id='word_1_355' title='bbox 100 3841 162 3884; x_wconf 89' lang='lat' dir='ltr'><strong>nec</strong></span> <span class='ocrx_word' id='word_1_356' title='bbox 182 3821 285 3884; x_wconf 87' lang='lat' dir='ltr'><strong>virtus</strong></span> <span class='ocrx_word' id='word_1_357' title='bbox 306 3819 424 3906; x_wconf 88' lang='lat' dir='ltr'><strong>aliqua,</strong></span> <span class='ocrx_word' id='word_1_358' title='bbox 447 3821 599 3906; x_wconf 91' lang='lat' dir='ltr'><strong>quoniam</strong></span> <span class='ocrx_word' id='word_1_359' title='bbox 622 3841 732 3885; x_wconf 91' lang='lat' dir='ltr'><strong>omnes</strong></span> <span class='ocrx_word' id='word_1_360' title='bbox 754 3821 909 3886; x_wconf 88' lang='lat' dir='ltr'><strong>virtutum</strong></span> <span class='ocrx_word' id='word_1_361' title='bbox 932 3822 1055 3906; x_wconf 86' lang='lat' dir='ltr'><strong>species</strong></span> <span class='ocrx_word' id='word_1_362' title='bbox 1078 3843 1151 3885; x_wconf 91' lang='lat' dir='ltr'><strong>con·</strong></span> 
     </span>
     <span class='ocr_line' id='line_1_42' title="bbox 28 3904 1152 3986; baseline -0.001 -16"><span class='ocrx_word' id='word_1_363' title='bbox 28 3905 174 3970; x_wconf 87' lang='lat' dir='ltr'><strong>tinentur</strong></span> <span class='ocrx_word' id='word_1_364' title='bbox 201 3925 265 3967; x_wconf 90' lang='lat' dir='ltr'><strong>uno</strong></span> <span class='ocrx_word' id='word_1_365' title='bbox 285 3905 429 3970; x_wconf 89' lang='lat' dir='ltr'><strong>iustitiae</strong></span> <span class='ocrx_word' id='word_1_366' title='bbox 446 3905 586 3986; x_wconf 91' lang='lat' dir='ltr'><strong>nomine,</strong></span> <span class='ocrx_word' id='word_1_367' title='bbox 614 3925 687 3967; x_wconf 92' lang='lat' dir='ltr'><strong>cum</strong></span> <span class='ocrx_word' id='word_1_368' title='bbox 710 3914 741 3969; x_wconf 90' lang='lat' dir='ltr'><strong>et</strong></span> <span class='ocrx_word' id='word_1_369' title='bbox 761 3906 883 3970; x_wconf 88' lang='lat' dir='ltr'><strong>iustitia</strong></span> <span class='ocrx_word' id='word_1_370' title='bbox 905 3905 946 3969; x_wconf 90' lang='lat' dir='ltr'><strong>sit</strong></span> <span class='ocrx_word' id='word_1_371' title='bbox 967 3904 1021 3970; x_wconf 87' lang='lat' dir='ltr'><strong>lex</strong></span> <span class='ocrx_word' id='word_1_372' title='bbox 1043 3905 1152 3970; x_wconf 87' lang='lat' dir='ltr'><strong>divina</strong></span> 
     </span>
     <span class='ocr_line' id='line_1_43' title="bbox 28 3986 623 4054; baseline -0.002 0"><span class='ocrx_word' id='word_1_373' title='bbox 28 3997 62 4054; x_wconf 87' lang='lat' dir='ltr'><strong>ct</strong></span> <span class='ocrx_word' id='word_1_374' title='bbox 83 3986 250 4053; x_wconf 89' lang='lat' dir='ltr'><strong>vinculum</strong></span> <span class='ocrx_word' id='word_1_375' title='bbox 272 3989 433 4053; x_wconf 89' lang='lat' dir='ltr'><strong>societatis</strong></span> <span class='ocrx_word' id='word_1_376' title='bbox 456 3987 623 4053; x_wconf 90' lang='lat' dir='ltr'><strong>humanae.</strong></span> 
     </span>
    </p>

    <p class='ocr_par' dir='ltr' id='par_1_6' title="bbox 28 4070 1153 4242">
     <span class='ocr_line' id='line_1_44' title="bbox 118 4070 1151 4159; baseline 0.002 -24"><span class='ocrx_word' id='word_1_377' title='bbox 118 4070 168 4136; x_wconf 88' lang='lat'><strong>15.</strong></span> <span class='ocrx_word' id='word_1_378' title='bbox 204 4073 402 4137; x_wconf 84' lang='lat' dir='ltr'><strong>Intuendum</strong></span> <span class='ocrx_word' id='word_1_379' title='bbox 417 4073 523 4155; x_wconf 87' lang='lat' dir='ltr'><strong>etiam,</strong></span> <span class='ocrx_word' id='word_1_380' title='bbox 544 4073 658 4158; x_wconf 79' lang='lat' dir='ltr'><strong>inquit,</strong></span> <span class='ocrx_word' id='word_1_381' title='bbox 695 4073 761 4137; x_wconf 91' lang='lat' dir='ltr'><strong>uod</strong></span> <span class='ocrx_word' id='word_1_382' title='bbox 776 4095 894 4155; x_wconf 82' lang='lat' dir='ltr'><strong>omnes,</strong></span> <span class='ocrx_word' id='word_1_383' title='bbox 917 4075 975 4159; x_wconf 80' lang='lat' dir='ltr'><strong>qui</strong></span> <span class='ocrx_word' id='word_1_384' title='bbox 992 4073 1151 4159; x_wconf 74' lang='lat' dir='ltr'><strong>Wiqberto</strong></span> 
     </span>
     <span class='ocr_line' id='line_1_45' title="bbox 28 4096 1153 4242; baseline 0 -22"><span class='ocrx_word' id='word_1_385' title='bbox 28 4157 80 4221; x_wconf 87' lang='lat' dir='ltr'><strong>vel</strong></span> <span class='ocrx_word' id='word_1_386' title='bbox 103 4157 272 4222; x_wconf 82' lang='lat' dir='ltr'><strong>Hearicbo</strong></span> <span class='ocrx_word' id='word_1_387' title='bbox 284 4157 416 4242; x_wconf 87' lang='lat' dir='ltr'><strong>fauent,</strong></span> <span class='ocrx_word' id='word_1_388' title='bbox 445 4165 503 4221; x_wconf 91' lang='lat' dir='ltr'><strong>aut</strong></span> <span class='ocrx_word' id='word_1_389' title='bbox 523 4096 712 4242; x_wconf 73' lang='lat' dir='ltr'><strong>temporabis</strong></span> <span class='ocrx_word' id='word_1_390' title='bbox 744 4157 901 4222; x_wconf 88' lang='lat' dir='ltr'><strong>commodi</strong></span> <span class='ocrx_word' id='word_1_391' title='bbox 929 4167 1075 4241; x_wconf 80' lang='lat' dir='ltr'><strong>respectu</strong></span> <span class='ocrx_word' id='word_1_392' title='bbox 1104 4156 1153 4222; x_wconf 87' lang='lat' dir='ltr'><strong>ael</strong></span> 
     </span>
    </p>
   </div>
   <div class='ocr_carea' id='block_1_4' title="bbox 29 4355 166 4410">
    <p class='ocr_par' dir='ltr' id='par_1_7' title="bbox 29 4355 166 4410">
     <span class='ocr_line' id='line_1_46' title="bbox 29 4355 166 4410; baseline -0.015 -12"><span class='ocrx_word' id='word_1_393' title='bbox 29 4355 54 4410; x_wconf 71' lang='lat' dir='ltr'><strong>a)</strong></span> <span class='ocrx_word' id='word_1_394' title='bbox 70 4357 128 4397; x_wconf 78' lang='lat' dir='ltr'><strong>deut</strong></span> <span class='ocrx_word' id='word_1_395' title='bbox 145 4359 166 4396; x_wconf 88' lang='lat'><strong>1.</strong></span> 
     </span>
    </p>
   </div>
   <div class='ocr_carea' id='block_1_5' title="bbox 0 0 1410 4830">
    <p class='ocr_par' dir='ltr' id='par_1_8' title="bbox 0 0 1410 4830">
     <span class='ocr_line' id='line_1_47' title="bbox 0 0 1410 4830; baseline 0 2"><span class='ocrx_word' id='word_1_396' title='bbox 0 0 1410 4830; x_wconf 95' lang='lat' dir='ltr'><strong> </strong></span> 
     </span>
    </p>
   </div>
  </div>
 </body>
</html>
