2812 4830
217 343 252 396 bb
412 341 463 392 DE
481 338 640 392 uulneri:
660 335 866 389 sociastis
886 337 1162 389 consueverint.

73 511 371 597 eesatszquoniam
392 509 523 573 iustitia
545 517 574 570 ct
590 528 666 590 pasc
689 505 852 570 osculatae
873 515 949 570 sunt
971 528 1013 583 se,
1041 505 1127 570 sicut
1154 504 1237 569 dicit
1257 506 1338 593 psal-

217 595 323 660 mista.
370 590 461 658 Unde
487 591 568 688 ipse,
589 590 646 676 qui
674 598 723 654 est
749 611 816 674 pax
842 598 961 671 nostra,
991 587 1138 654 Christus
1166 589 1246 656 dicit
1269 600 1339 678 post

219 679 391 742 salutarem
414 676 592 740 doctrinam
613 673 823 738 institutionis
844 673 1060 757 euangelicae,
1083 674 1136 737 cui
1150 675 1273 738 iustum
1292 685 1338 740 est

67 781 119 823 1ou.
130 781 209 833 iasa
219 762 367 828 obedire:
397 761 489 824 Hace
511 759 637 822 locutus
657 781 729 822 sum
750 758 848 839 vobis,
871 761 963 821 utin
978 780 1026 822 me
1039 780 1158 842 pacem
1180 760 1337 825 babeatis.

219 861 332 927 Propter
344 860 416 927 qaod
428 845 524 925 enim,
539 843 622 907 sicut
635 849 803 907 attestatur
813 841 1015 926 Augustinus
1026 855 1048 924 ¹,
1062 865 1143 910 rorum
1156 859 1257 925 optem,
1271 860 1339 926 quoa

219 933 358 986 christiani
381 949 480 997 smnus,
504 929 602 984 scilicet
626 940 656 982 ut
679 931 709 982 in
735 929 836 982 Obristo
857 947 954 998 pacem
978 931 1130 995 babeamus,
1155 941 1181 983 et
1203 933 1287 984 simus
1311 931 1338 984 in

220 1008 322 1059 unitate
347 1007 464 1073 corporis
493 1004 557 1058 cius.
604 1005 680 1057 Haec
704 1005 773 1056 enim
793 1021 853 1071 pan
878 1022 931 1056 non
955 1004 1033 1056 babet
1050 1006 1134 1072 finem
1157 1004 1291 1070 temporis,
1315 1012 1338 1058 et

219 1079 281 1147 ipsa
305 1080 354 1131 erit
378 1081 462 1132 omnis
483 1079 548 1146 piae
567 1087 672 1131 nostrae
690 1076 843 1129 intentionis
863 1076 1026 1144 actionisque
1037 1076 1119 1144 finis5
1139 1087 1254 1145 propter
1273 1079 1338 1131 bone

219 1149 391 1204 moramentis
416 1152 472 1204 eius
497 1151 648 1216 imbuimur,
666 1159 779 1218 propter
803 1151 873 1202 buno
896 1150 1062 1202 mirabilibus
1088 1149 1144 1202 eius
1170 1152 1294 1217 operibus
1316 1157 1339 1202 et

220 1224 383 1278 sermonibus
394 1224 541 1288 crudimur,
551 1233 662 1291 propter
676 1225 745 1276 bane
758 1224 867 1288 spiritus
881 1223 937 1275 eins
946 1224 1047 1292 piqnus
1061 1222 1219 1289 occepimus,
1226 1233 1338 1292 propter

136 1292 138 1296 ’
219 1299 288 1351 banc
304 1297 332 1350 in
343 1315 403 1350 eum
415 1297 546 1350 credimus
560 1306 584 1349 et
596 1314 732 1363 meremus
746 1305 770 1348 et
785 1298 841 1348 eius
858 1315 954 1359 amore,
968 1306 1097 1363 quantum
1110 1299 1202 1359 donat,
1217 1297 1338 1349 accendi·

219 1389 287 1425 mur.
315 1371 377 1423 Hac
387 1388 458 1437 pace
477 1372 506 1422 in
522 1371 656 1436 pressuris
675 1370 793 1421 omnibus
814 1371 990 1435 consolamur,
1010 1372 1059 1422 boo
1070 1371 1205 1436 pressuris
1219 1372 1338 1423 omnibus

220 1446 374 1505 liberamur,
390 1453 503 1511 propter
521 1444 591 1495 bono
610 1460 710 1495 omnem
729 1442 923 1495 tribulationem
934 1445 1046 1511 fortiter
1067 1445 1238 1508 sustinemus,
1262 1453 1291 1495 ut
1311 1444 1338 1495 in

220 1519 271 1570 bac
281 1518 400 1584 feliciter
424 1518 481 1569 sine
504 1518 562 1568 ulla
587 1517 757 1568 tribulatione
779 1533 924 1584 reqnemus.
963 1516 1059 1568 Patria
1078 1516 1147 1569 enim
1167 1526 1262 1569 nostra
1281 1534 1338 1585 poa

221 1607 268 1663 est,
288 1607 312 1652 et
331 1598 464 1652 hereditas
483 1608 576 1651 nostro
595 1616 655 1667 pon
675 1607 720 1651 est.
759 1598 811 1650 Per
831 1599 908 1663 banc,
929 1585 1056 1670 inquii²
1078 1585 1165 1650 idem
1187 1585 1339 1670 Augusti·

219 1688 280 1731 nus
309 1667 490 1752 episcopm,
521 1699 567 1736 uos
592 1683 748 1746 salutamus,
774 1682 844 1733 banc
867 1682 940 1734 cobis
964 1683 1162 1737 annuntiamus.
1205 1685 1260 1737 Sed
1281 1687 1338 1737 cols·

219 1765 284 1808 runt
303 1756 483 1821 Hierusalem,
502 1755 549 1823 qui
571 1755 682 1807 oderunt
700 1772 803 1820 pacem,
823 1755 870 1820 qui
892 1757 1065 1808 conscindunt
1086 1756 1223 1820 unitatem,
1244 1759 1338 1824 quibus

212 1830 290 1895 salso
304 1847 400 1896 pacem
408 1828 647 1896 pronuntiantibus
658 1829 758 1894 populo
770 1829 953 1894 respondetur,
973 1847 1031 1881 cum
1046 1831 1164 1882 dixerint
1177 1831 1243 1896 parc
1256 1832 1337 1883 vobis·

220 1910 295 1972 cum',
310 1914 412 1964 ‘etcum
425 1913 522 1979 spiritu
533 1909 596 1973 tuo',·
607 1911 714 1978 salsum
727 1911 806 1974 enim,
825 1896 938 1982 inquit,
958 1910 1050 1964 dicunt
1063 1920 1087 1964 et
1093 1913 1201 1977 falsum
1214 1914 1336 1965 audimtt.

201 2036 203 2040 ,
223 1983 323 2047 Quibus
342 1985 434 2037 dicunt
453 1988 518 2052 ‘pron
536 1984 686 2047 uobiscum',
706 2000 770 2048 quos
789 1991 917 2050 separant
940 2002 958 2035 a
979 2001 1047 2050 pace
1073 1984 1144 2037 orbis
1163 1995 1299 2038 terrarum
1315 1993 1338 2038 et

219 2058 314 2124 quibus
330 2057 476 2110 discolora
496 2061 529 2111 ‘et
548 2073 606 2109 oum
625 2054 721 2122 spiritu
740 2052 824 2108 ruo'b.
863 2056 894 2109 st
911 2058 941 2109 in
958 2056 1055 2124 spiritu
1074 2074 1163 2110 eorum
1189 2068 1256 2112 esset
1275 2077 1336 2126 pon,

219 2148 306 2183 nonne
332 2132 459 2183 unitatem
483 2133 621 2199 diliqerent
646 2138 670 2180 ct
689 2128 879 2182 dissensionem
898 2131 1127 2196 derelinquerent?
1165 2133 1261 2199 Neque
1279 2150 1337 2186 uero

214 2221 275 2270 pan
300 2221 354 2256 esse
372 2211 460 2271 potest
486 2223 559 2267 vero,
586 2202 633 2254 ubi
657 2219 711 2253 non
735 2212 771 2254 cst
787 2221 852 2255 uera
871 2205 1019 2267 concordia,
1039 2206 1105 2270 quia
1123 2205 1261 2258 disiuncto
1279 2214 1338 2260 sunt

219 2288 310 2339 cordo.
350 2287 486 2348 Quomodo
505 2285 582 2350 enim,
600 2270 704 2354 inquii
713 2279 734 2346 ³,
757 2302 862 2338 consors
881 2286 988 2351 dicitur,
1007 2288 1054 2352 qui
1071 2296 1167 2339 sortem
1186 2289 1282 2356 iunqit,
1301 2289 1337 2340 ito

219 2358 264 2412 ille
283 2376 390 2411 concors
409 2359 538 2411 diomdus
557 2366 602 2422 est,
623 2359 670 2424 qui
688 2360 770 2410 corda
788 2360 883 2428 iunqit.

298 2428 347 2491 11.
371 2426 437 2491 Sed
448 2428 512 2490 iam
523 2427 609 2490 faeta
621 2425 779 2490 divisione
794 2427 922 2512 imperii
934 2426 1029 2491 simul
1043 2438 1075 2493 et
1086 2427 1260 2494 sacerdotii
1273 2452 1337 2494 sur·

219 2510 306 2574 rexit
327 2531 385 2576 rex
407 2510 564 2574 adversus
586 2532 707 2594 regem,
727 2533 806 2595 gens
828 2511 981 2576 adversus
1002 2522 1143 2597 gentem,
1165 2515 1339 2602 episcopus

204 2600 360 2660 vcontras
384 2594 542 2678 isoopum,
552 2592 691 2693 populus
703 2605 814 2660 contra
825 2595 991 2681 populum.
1013 2596 1142 2662 Exinde
1150 2620 1229 2665 vero
1265 2622 1338 2664 usn·

219 2687 272 2743 tae
288 2698 344 2742 cae
368 2699 402 2742 es
417 2677 521 2741 factae
534 2677 783 2760 smthominum,
799 2692 937 2765 quantae
949 2679 1180 2749 destructiones
1193 2622 1338 2750 ecdiesia·

219 2784 302 2840 rum,
316 2772 436 2846 quanta
447 2762 543 2827 etiam
554 2785 660 2828 rerum
673 2763 818 2828 confusio
827 2763 943 2829 exinde
955 2764 1088 2829 fecissit
1098 2767 1131 2829 in
1144 2770 1233 2834 omni
1241 2769 1337 2834 eccle-

219 2849 278 2926 sia,
293 2846 438 2932 indigere
454 2844 582 2912 videtur
597 2847 763 2932 tragoedia
779 2851 881 2933 magis
897 2869 994 2933 quam
1006 2849 1147 2916 historia.
1169 2853 1291 2938 Magno
1305 2874 1338 2917 se

219 2929 326 2994 iudice
343 2931 413 3017 quis
438 2954 479 2996 ue
496 2940 614 3015 tuetur,
630 2931 706 2996 dum
721 2940 856 3018 uterque
871 2954 930 2997 rex
945 2935 1027 2997 iuste
1042 2956 1076 2998 se
1090 2957 1181 2999 arma
1195 2937 1338 3002 induisse

220 3012 404 3099 arbitratur,
458 3016 607 3080 enrichus
623 3015 754 3097 scilieet,
771 3014 857 3101 quod
870 3027 965 3081 natus
984 3027 1015 3082 et
1029 3019 1168 3084 nutritus
1189 3021 1223 3084 in
1239 3042 1338 3106 regno

220 3099 428 3166 successisset
456 3099 714 3188 progenitoribus
743 3103 810 3164 suis
837 3101 871 3163 in
898 3122 1034 3187 regnum
1062 3125 1104 3166 ex
1126 3103 1191 3168 Dei
1214 3105 1338 3170 ordina-

67 3213 135 3258 som.
144 3213 178 3254 1s.
186 3211 207 3254 4.
218 3185 314 3266 tione,
330 3206 368 3249 ac
383 3185 518 3272 proinde
533 3186 711 3270 accepisset
723 3184 815 3249 iuxta
831 3184 1008 3250 doctrinam
1024 3187 1161 3271 apostoli
1176 3188 1338 3256 vindicem

218 3267 363 3354 gladium
391 3270 425 3333 in
453 3270 570 3355 impios
598 3279 695 3354 atque
717 3268 820 3334 iustos
841 3268 892 3334 vel
914 3269 1068 3335 ecclesiae
1090 3270 1143 3335 vel
1165 3273 1212 3336 rei
1235 3272 1338 3359 publi·

220 3375 286 3435 cae,
315 3352 474 3419 Rudolfus
496 3362 613 3433 autem,
644 3350 731 3437 quod
759 3351 912 3419 obediens
935 3375 1005 3420 esse
1032 3353 1164 3421 deberet
1190 3359 1338 3504 pontifici

219 3437 304 3502 sedis
326 3437 532 3523 apostolicae,
555 3439 610 3521 qui
624 3458 682 3521 per
697 3438 867 3522 episcopos
889 3459 966 3502 suae
988 3439 1088 3523 partis
1109 3461 1187 3524 prae
1212 3442 1339 3523 icasset,

123 3556 126 3561 ·
158 3551 162 3558 ·
219 3544 294 3586 eum
307 3542 372 3585 non
385 3522 487 3586 teneri
502 3520 677 3586 obnoxium
693 3522 827 3606 periurii
840 3520 892 3586 vel
907 3523 1071 3608 perfidiae,
1091 3525 1118 3587 si
1135 3535 1248 3590 contra
1267 3548 1337 3591 eum

219 3625 309 3670 arma
324 3604 458 3686 tulisset,
481 3605 546 3690 qui,
567 3613 677 3690 utpote
699 3606 1007 3687 excommunicatus,
1030 3630 1089 3671 rex
1108 3609 1175 3672 iam
1190 3631 1263 3675 esse
1278 3632 1339 3676 non

218 3700 342 3774 posset3
365 3710 438 3753 cum
453 3688 514 3751 hoc
529 3688 579 3772 sit,
600 3691 758 3775 inquiunt,
781 3690 857 3755 fidei
872 3699 968 3777 atque
982 3690 1125 3756 fidelium
1139 3693 1174 3757 in
1189 3693 1338 3774 ecclesia,

220 3772 366 3837 occidere
381 3771 552 3837 scilicetne
563 3775 714 3860 persequi
729 3796 794 3856 eos,
810 3776 992 3862 quicunque
1003 3780 1281 3845 communicantes
1291 3777 1340 3845 vel

219 3959 244 4014 a)
260 3963 345 4002 dicitur
360 3962 417 4012 Auq.
477 3961 501 4011 b)
523 3963 565 4012 Ap.
583 3964 639 4015 Auq.
655 3966 743 4016 leqs‘mus
758 3966 803 4005 ita:
827 3965 915 4013 Quibus
931 3967 1024 4008 dieunt:
1042 3969 1092 4010 Pax
1107 3969 1247 4010 vobiscum?
1278 3969 1338 4018 Quae

218 4025 328 4071 separant
343 4033 358 4062 a
372 4031 431 4072 pace
447 4022 508 4062 orbis
523 4027 645 4065 terrarum.
674 4026 704 4064 Et
720 4025 804 4074 quibus
819 4025 916 4065 dicitur:
939 4028 969 4067 ut
984 4037 1036 4067 cum
1051 4029 1133 4078 spiritu
1148 4028 1205 4068 tuci
1236 4029 1283 4078 Qui
1299 4029 1342 4068 dis·

218 4081 351 4122 sensionem
366 4082 538 4131 amplectuntur
553 4087 576 4123 et
589 4084 670 4123 odiunt
684 4094 775 4134 pacem.

221 4224 248 4288 1)
269 4225 413 4290 Augustini
431 4227 458 4276 iu
479 4242 576 4292 euang.
590 4226 718 4277 Iohannis
738 4241 762 4277 c.
781 4227 820 4291 17,
840 4235 917 4280 tract.
936 4229 994 4292 104,
1015 4230 1104 4296 Opera
1123 4231 1177 4294 111,
1189 4233 1215 4294 2,
1236 4250 1263 4298 p.
1279 4232 1341 4285 758.

219 4295 249 4363 2)
269 4299 411 4364 Augustini
435 4302 568 4351 enarratio
594 4301 622 4349 in
645 4300 776 4366 psalmum
804 4301 863 4365 125,
891 4303 977 4368 Opera
996 4302 1043 4364 IV,
1063 4304 1087 4364 2,
1108 4321 1133 4369 p.
1155 4303 1237 4357 1417.
1261 4305 1339 4359 1418.

219 4372 247 4436 3)
267 4371 409 4438 Augustini
428 4374 456 4424 in
475 4389 572 4440 euang.
592 4372 722 4425 iohannis
742 4389 766 4425 c.
787 4374 830 4441 14,
850 4380 929 4426 tract.
951 4374 993 4439 78,
1013 4376 1169 4442 Operam,
1189 4378 1215 4440 2,
1235 4396 1262 4446 p.
1278 4377 1341 4433 698.
