2812 4830
230 380 264 430 52
421 378 472 428 DE
492 376 651 427 UNITATE
671 374 877 426 acchaslsa
897 373 1175 427 consumans.

77 574 129 616 ioh.
139 554 329 627 maniacense
348 569 406 604 aum
426 549 508 613 vobis,
527 558 557 600 at
576 550 605 599 in
625 567 665 600 me
681 566 775 615 pacem
794 549 929 607 habeatia,·
948 547 1138 600 introeuntem
1151 549 1254 600 mando
1274 548 1350 600 triba·

228 625 352 676 lationem
371 623 509 686 habebitis,
533 623 580 674 sed
599 623 727 689 confidite,
747 623 813 687 qaia
831 639 878 689 eqo
896 620 950 673 vici
968 619 1113 672 mandam’.
1155 621 1234 683 Quae
1248 623 1350 688 pollici·

227 699 339 750 tationes
363 697 428 764 qaia
453 697 509 748 aiae
535 696 617 749 dubio
637 697 796 762 manifectae
816 701 886 758 rant,
904 694 986 744 nullia
1005 694 1128 746 debemus
1149 695 1291 747 scandalis
1315 697 1350 747 ia·

219 770 336 838 firmari,
357 787 390 822 ae
410 769 530 823 electioni
547 769 601 820 Dei
618 769 761 822 videamur
779 768 888 834 ingrati,
908 766 985 818 cuias
1004 773 1058 818 tam
1073 767 1198 832 potantia
1218 775 1282 819 suat
1307 769 1350 821 at-

226 854 334 916 iatoria,
348 869 428 918 qaam
442 869 507 905 ocra
520 860 583 903 suat
591 851 734 918 promissa.
764 835 854 898 Haec
870 843 903 898 ei
916 833 1073 899 eiusmodi
1089 833 1178 900 dieta
1192 836 1315 920 pariter
1324 846 1352 901 el

225 922 312 986 facta
331 920 418 984 beati
433 919 552 984 Leonis
574 940 678 1004 papae
701 920 729 982 si
744 919 816 1004 quis
833 916 1003 1003 diligenter
1016 917 1163 1001 attendit,
1186 920 1350 984 conferens

227 1005 323 1070 etiam
338 1005 372 1067 in
388 1003 484 1068 corde
499 1024 567 1084 suo,
613 1025 674 1067 uae
690 1001 839 1066 dominus
855 1003 945 1067 lesus
959 1004 993 1066 in
1008 1001 1177 1087 euangelio
1192 1004 1309 1069 fecerit
1323 1014 1351 1069 et

227 1090 383 1169 docuerit,
395 1088 572 1236 qcrslpiciet
582 1025 687 1173 plane,
702 1084 872 1152 ecclesiam
883 1086 947 1150 Dei
957 1107 1043 1150 nunc
1059 1107 1188 1172 quoque
1204 1091 1351 1174 temptari

227 1171 397 1259 multiplici
422 1194 460 1236 us
490 1172 628 1236 cresium
638 1168 810 1253 erroribus,
823 1172 988 1256 quoniam:
1003 1171 1350 1255 Oportetlrereaeeesse,

65 1268 263 1331 1.oor.rr,1e.at
277 1257 454 1406 etprohati
467 1254 640 1340 manifesti
653 1254 745 1338 fiaat
765 1257 803 1320 ia
818 1256 917 1335 vobis,
939 1253 1018 1318 dicit
1032 1252 1153 1320 Paulus
1176 1255 1350 1342 apostolus.

334 1389 342 1404 .
369 1339 416 1402 Er
441 1338 783 1403 oHildebrantdictus
794 1361 880 1424 papa
891 1339 1054 1402 Romanae
1065 1337 1225 1405 ecclesiae
1237 1340 1350 1405 disces·

227 1426 278 1505 sit,
293 1426 392 1488 immo
414 1362 500 1509 irgit
513 1421 555 1487 ah
570 1422 707 1488 ecclesia
721 1445 760 1488 ea
773 1425 947 1521 praecipue
962 1444 1067 1502 causa,
1091 1433 1127 1488 ut
1148 1445 1216 1488 non
1233 1424 1351 1490 videret

227 1507 279 1573 vel
307 1505 523 1592 alloqueretur
551 1528 662 1592 regem
683 1505 892 1587 Hennchum,
922 1507 1010 1592 quod
1031 1516 1064 1571 et
1084 1506 1234 1572 fecerunt
1256 1510 1350 1595 partis

227 1594 298 1656 eius
320 1591 431 1677 episco
456 1592 477 1672 i,
500 1601 659 1676 quotquot
678 1611 743 1654 non
764 1599 939 1676 potuerunt
960 1591 1167 1677 episcopatus
1198 1615 1276 1658 suos
1298 1616 1350 1680 per

228 1678 294 1740 vim
317 1685 349 1740 et
363 1696 423 1760 per
432 1612 554 1739 hellam
571 1675 715 1760 optinere
736 1685 848 1738 contra
862 1674 1000 1739 eundem
1015 1696 1126 1759 regem
1141 1675 1351 1760 Henrichum,

228 1758 491 1846 blasphemantes
521 1760 556 1823 in
583 1780 621 1824 eo
649 1779 714 1822 non
742 1756 845 1822 solum
871 1757 1043 1839 hominem,
1075 1768 1259 1825 creaturam
1282 1761 1350 1842 Dei,

229 1843 288 1908 sed
317 1844 414 1908 etiam
441 1842 675 1908 ordinationem
702 1841 775 1923 Dei,
807 1842 958 1927 quoniam
986 1842 1105 1906 omissa
1133 1844 1255 1930 singuli
1289 1846 1350 1908 sive

227 1951 287 2028 per
309 1928 544 1993 contentionem
566 1937 691 1992 retenta
705 1948 764 1990 sua
778 1924 931 2011 pastorali
946 1948 1025 1990 cura
1038 1925 1233 2011 refugerunt
1246 1929 1350 1993 videre

228 2035 261 2075 m
289 2021 467 2077 memorato
500 2032 576 2097 rege
604 2010 776 2092 hominem,
810 2019 988 2075 creaturam
1016 2010 1091 2092 Dei,
1120 2020 1153 2077 et
1184 2011 1351 2078 noluerunt

228 2096 366 2161 subiecti
389 2118 460 2160 esse
483 2095 587 2161 eidem
608 2095 678 2181 regi
705 2095 798 2181 quasi
820 2091 1024 2179 praecellenti
1049 2096 1143 2160 iuxta
1165 2097 1350 2162 mandatum

66 2189 326 2266 1.rar.r,1a.atque
354 2179 535 2245 doctrinam
555 2180 645 2244 Petri
673 2177 822 2265 apostoli,
849 2178 1032 2244 resistentes
1054 2179 1118 2243 Dei
1148 2180 1351 2260 ordinationi,

195 2286 204 2301 ·
252 2266 384 2328 uoniam
417 2265 605 2328 restiterunt
638 2264 667 2327 ei
701 2282 783 2348 quae
810 2284 830 2326 a
859 2263 931 2327 Deo
960 2270 1008 2327 est
1039 2267 1203 2362 potestati.
1264 2264 1350 2344 Inde,

81 2372 146 2414 aona
156 2286 347 2421 raadivinis
362 2348 574 2432 humanisque
590 2345 716 2433 legibus
731 2345 934 2431 posthabitis,
958 2359 1065 2434 coepit
1086 2347 1176 2432 apud
1194 2346 1351 2414 eiusmodi

171 2478 173 2482 »
230 2431 399 2516 episcopos
415 2454 484 2496 esse
499 2429 654 2517 palatium
669 2441 765 2516 atque
780 2432 885 2512 curia3
908 2440 941 2495 ct
959 2451 979 2494 a
992 2430 1075 2496 facie
1090 2453 1202 2497 eorum
1227 2453 1351 2520 egressa

66 2539 145 2582 cans.
155 2538 220 2590 aaa.
231 2523 280 2578 est
295 2524 361 2579 tam
376 2514 515 2578 crudelis
531 2516 697 2597 sententia,
719 2524 755 2579 ut
773 2513 883 2580 dicant
897 2512 1016 2579 malum
1038 2514 1161 2579 bonum
1185 2527 1218 2582 et
1232 2517 1351 2582 honum

231 2595 363 2680 malum,
384 2596 618 2684 praedicantes,
640 2598 751 2664 beatos
773 2620 844 2664 esse
867 2599 922 2697 qui
943 2620 1003 2698 pro
1025 2609 1117 2686 parte
1139 2599 1352 2667 Hildebrandi

105 2709 144 2750 as.
152 2709 173 2760 a,
184 2707 219 2747 12.
230 2681 351 2746 faciant
377 2681 509 2766 proelia,
539 2681 710 2748 seditiones
740 2691 772 2747 et
800 2682 985 2747 homicid1a.
1028 2685 1152 2770 Popula
1174 2710 1276 2764 meas,
1299 2688 1353 2772 qai

231 2766 358 2830 beatam
386 2775 414 2829 tc
437 2767 560 2848 dicuat,
588 2768 657 2850 ipsi
678 2776 707 2830 tc
729 2768 910 2852 decipiant,
939 2767 1019 2832 dicit
1040 2767 1214 2835 Dominus.
1260 2771 1351 2835 Beati

81 2849 317 2926 natinaeenim
338 2848 476 2934 pacifici,
498 2850 648 2936 quoniam
671 2850 875 2915 vocabuntur
895 2849 953 2914 filii
974 2851 1050 2933 Dei,
1073 2851 1246 2919 reddentes
1268 2875 1350 2919 nunc

230 2932 358 2996 interim
388 2955 426 2998 ea
477 2956 537 2998 uae
566 2945 642 2998 sunt
669 2934 807 2998 caesaris
837 2936 977 3016 caesari,
1011 2934 1114 3000 donec
1146 2940 1258 3004 veniat
1284 2960 1351 3025 per·

92 3007 175 3107 ²⁶⁸²&
184 3008 220 3059 ²²¹
230 3017 316 3081 fecta
329 2956 505 3100 beatitudo,
523 3018 668 3104 quando:
683 3019 801 3082 Pacem
816 3041 929 3100 meam,
951 3020 1064 3104 inquit,
1079 3021 1122 3084 do
1137 3023 1239 3103 vobio,
1256 3046 1352 3108 qaam

80 3097 324 3178 ror.14,‘ar.modo
347 3103 400 3168 laic
422 3101 569 3189 relinquo
591 3103 690 3167 uobis.
735 3102 823 3166 Ecce
851 3102 943 3167 iuxta
971 3103 1177 3187 euangelium
1199 3104 1253 3172 vel
1273 3107 1351 3171 Mat·

230 3185 297 3250 thei
325 3185 377 3249 vel
407 3186 526 3270 Lucae,
561 3208 698 3272 quorum
726 3207 809 3250 unus
839 3187 962 3269 regiam
988 3189 1243 3272 generationem,
1276 3189 1352 3255 alter

229 3269 462 3334 sacerdotalem
478 3269 597 3335 Christi
612 3270 799 3355 progeniem
821 3269 974 3334 describit
993 3292 1054 3355 pro
1075 3274 1187 3358 magni
1209 3275 1353 3360 mysterii

229 3354 362 3436 ratione,
393 3356 486 3417 iuxta
508 3354 634 3435 horum,
655 3355 799 3452 inquam,
822 3352 1025 3438 euangelium
1049 3356 1223 3440 credimus,
1246 3359 1351 3424 Adam

229 3438 370 3522 primum
398 3446 431 3501 et
456 3436 562 3500 Adam
591 3439 801 3501 novissimum
828 3458 899 3501 esse
920 3437 1064 3502 eiusdem
1087 3449 1241 3525 naturae3
1268 3443 1352 3509 ideo·

230 3542 311 3604 que,
337 3529 510 3605 postquam
536 3520 684 3584 dominus
714 3530 746 3585 et
768 3520 916 3586 Salvator
941 3530 1050 3586 noster
1078 3533 1199 3590 terram
1227 3536 1351 3592 nostrae

231 3605 337 3666 carnis
358 3604 541 3687 assumpsit,
562 3627 603 3668 ne
625 3603 772 3688 angelica
793 3603 923 3690 quidem
945 3604 1103 3670 celsitudo
1127 3609 1247 3676 deinde
1268 3611 1350 3676 infir·

230 3686 376 3749 mitatem
416 3693 559 3750 nostram
591 3688 754 3774 despexit,
795 3688 962 3774 quoniam,
996 3711 1070 3753 cum
1103 3693 1158 3758 vel
1185 3694 1271 3760 Loth
1302 3693 1351 3760 vel

231 3767 326 3831 Iosue
353 3768 524 3833 adorantes
551 3772 641 3857 prius
672 3771 804 3855 angelos
830 3792 896 3835 non
926 3772 1175 3856 prohiberentur
1207 3780 1350 3859 adorare,

92 3905 95 3909 .
230 3850 366 3934 angelus
386 3849 561 3918 Iohannem
583 3857 616 3918 in
636 3854 836 3941 Apocalypsi
865 3877 900 3920 se
921 3858 1057 3922 adorare
1078 3859 1242 3928 volentem
1270 3886 1350 3928 com·

69 3955 219 4009 spaeram.
231 3935 368 4020 pescuit,
391 3932 515 4000 dicens:
540 3939 627 4020 Vade,
649 3961 690 4003 ae
701 3938 846 4022 feceris,·
861 3962 1035 4004 coacervas
1049 3951 1127 4007 tuas
1142 3969 1216 4012 ram
1231 3959 1261 4014 et
1272 3949 1349 4033 fra·

231 4028 314 4081 tram
344 4027 481 4083 tuorum.
523 4021 663 4086 Proinde
697 4022 965 4087 considerandum
995 4033 1053 4105 est,
1086 4036 1197 4094 utrum
1226 4053 1350 4116 perver-

232 4101 333 4164 siores
362 4101 426 4164 sint
446 4102 509 4184 isti,
537 4107 593 4191 qui
615 4106 670 4170 des
695 4106 798 4169 iciunt
817 4107 851 4169 in
872 4127 949 4189 rege
972 4105 1147 4194 hominem,
1171 4124 1350 4180 creaturam

232 4183 307 4263 Dei,
330 4182 508 4251 extalibus
530 4190 652 4255 scilicet
672 4129 768 4253 lactis
789 4198 944 4272 negantes
970 4211 1042 4253 eam
1064 4192 1186 4260 bonam
1209 4221 1291 4280 esse,
1311 4221 1349 4261 an

231 4265 288 4347 illi,
311 4267 366 4350 qui
389 4264 497 4334 dicunt
517 4283 664 4338 naturam
688 4270 808 4337 diaboli
831 4271 949 4336 malam
972 4294 1053 4357 esse,
1077 4278 1168 4362 quod
1189 4283 1349 4347 affirmant
