2812 4830
254 389 305 438 DE
324 386 483 438 UNITATE
503 387 709 442 ECOIAESIAE
730 390 1007 445 consueverint.
1162 395 1195 444 51

76 559 131 622 cui
146 567 233 622 certe
249 557 370 622 dictum
387 563 436 618 est
452 575 473 617 a
486 553 628 619 Domino
644 577 715 620 cum
731 558 827 623 Petro
843 558 1003 644 apostolo:
1027 561 1067 626 st
1081 562 1256 648 dilipioron.
1275 583 1356 634 rare.

73 665 133 724 me,
152 665 255 728 pasce
285 663 356 707 oves
385 661 485 720 meas,
513 639 547 702 id
569 649 617 704 est
638 640 689 704 fac
710 664 770 728 pro
791 641 952 726 fratribus,
976 645 1062 730 quod
1084 667 1144 730 pro
1165 655 1197 712 te

72 724 146 808 feci,
204 727 238 790 ui
271 745 381 790 omnes
414 724 571 808 sanguine
600 745 672 788 meo
694 726 831 809 redemi;
861 749 896 791 cr
919 749 938 791 o
964 750 1038 792 cum
1067 731 1195 794 misere·

73 818 163 876 retur
179 747 326 876 dhristus
342 805 458 872 ovibus
475 807 552 885 suis,
575 807 692 904 quibus
714 810 817 875 noluit
831 750 1023 877 Hildebrant
1041 815 1195 897 misereri,

72 895 192 960 relictis
215 895 272 976 eis,
303 893 387 1040 fugit
407 891 441 954 in
462 890 662 968 Traiamum‚
685 915 767 979 quae
790 894 913 960 seilicet
932 897 1068 962 munitio
1091 898 1198 963 hacte-

71 1001 135 1044 nus
157 979 234 1044 inex
258 1000 344 1063 ugna
368 974 419 1039 ilis
442 974 529 1039 dicta
551 986 609 1058 est,
631 975 686 1040 vul
711 978 860 1043 odoinus
877 979 1082 1046 Theodorici.
1112 981 1196 1046 Tum

70 1061 206 1211 guidem
227 1000 373 1127 idomana
396 1057 531 1156 ecclesia
553 1057 649 1156 elegit
716 1061 887 1148 igberdum
910 1086 1128 1130 successorem
1150 1064 1311 1161 illiM¹²⁰n⁸⁴38

131 1146 219 1228 itivo‚
249 1168 324 1211 cum
353 1152 439 1209 certe
468 1164 633 1230 principes
662 1166 727 1209 non
756 1148 820 1212 sint
841 1149 947 1213 timori
977 1149 1055 1215 boni
1077 1151 1194 1236 operis,
1268 1152 1273 1162 '
1315 1152 1319 1161 '

70 1170 131 1299 edd
166 1228 260 1312 mali,
297 1230 380 1294 sieut
416 1226 534 1291 dicitur
561 1248 582 1289 a
617 1228 719 1294 Paulo
754 1231 910 1316 apostolo.
975 1233 1058 1297 Tum
1095 1236 1192 1300 etiam
1203 1254 1269 1297 som.
1279 1254 1344 1304 1s‚s.

69 1337 131 1382 rex
158 1314 323 1379 ordinatus
353 1323 401 1376 cst
427 1312 601 1396 imperator
629 1310 670 1376 ab
698 1314 812 1380 eodem
838 1339 926 1415 papa
948 1315 1121 1400 Clemente,
1152 1340 1195 1383 ex
1203 1341 1271 1382 nan.
1281 1340 1317 1380 s1.

70 1419 138 1487 qua
158 1399 326 1465 amborum
350 1394 549 1461 ordinatione
593 1397 745 1482 raecipue
771 1400 907 1486 insigms
934 1413 983 1466 est
1006 1423 1110 1467 annus
1139 1403 1194 1488 qui

68 1495 149 1549 tunc
171 1492 241 1547 erat
261 1483 303 1548 ab
324 1480 544 1547 incarnatione
602 1482 701 1544 omini
726 1484 817 1548 1084.
862 1483 928 1550 Sed
955 1495 1030 1570 post
1050 1484 1194 1572 aliquan·

68 1577 140 1633 turn
172 1567 327 1653 temporis
359 1565 486 1650 fugiens
520 1583 649 1650 quoque
676 1565 872 1633 Hildebrant
905 1593 948 1634 ex
980 1568 1034 1633 illa
1068 1593 1131 1656 qua
1160 1593 1195 1636 se

69 1649 288 1717 occultaverat
302 1650 491 1729 munitione,
514 1645 684 1712 Salernum
699 1651 793 1735 petiit
814 1653 924 1741 ibique
941 1654 1040 1719 vitam
1056 1653 1195 1718 finiviu.

69 1736 176 1823 Igitur
197 1744 304 1801 utrum
326 1735 369 1798 sit
389 1740 500 1820 pastor
528 1753 570 1796 au
591 1737 841 1818 mercennarius,
864 1739 1016 1823 cognosci
1036 1739 1195 1804 veraciter

67 1841 136 1885 non
147 1827 263 1905 potest,
275 1820 303 1882 si
315 1818 443 1883 occasio
454 1816 658 1882 necessitatis
670 1816 770 1884 deest.
789 1820 884 1886 Unde
895 1821 1195 1909 sanctusLeopapa

68 1903 215 1971 scribens
225 1925 283 1989 per
293 1903 462 1967 Rusticum
473 1897 717 1966 Narbonensem
730 1905 919 1990 episcopum
932 1907 1046 1971 ceteris
1057 1907 1194 1990 pastori·

67 1989 132 2054 bus
144 1985 298 2052 ecclesiae
310 1986 440 2066 Christi,
451 1981 622 2048 ostendens
632 1987 761 2072 scriptis
796 1989 892 2054 ariter
907 1999 939 2054 et
949 2012 1042 2055 exem
1067 1991 1117 2070 lis,
1129 2012 1194 2055 non

68 2071 189 2138 debere
212 2070 395 2137 sacerdotes
414 2069 479 2134 Dei
494 2066 567 2132 ullis
582 2067 780 2135 tribulatiom
803 2095 841 2140 ns
862 2073 914 2138 vel
929 2012 1088 2140 scandaiis
1103 2074 1192 2138 infir-

69 2156 162 2237 mari,
186 2176 250 2241 quo
266 2155 433 2220 discedant
452 2173 471 2214 a
487 2172 564 2216 cura
583 2154 752 2238 pastorali3
774 2179 850 2221 nam
869 2158 880 2220 i
906 2180 940 2223 se
957 2157 1075 2242 dignus
1096 2155 1192 2244 plane

66 2239 210 2306 vicarius
218 2239 305 2304 Petri
313 2237 450 2326 apostoli
459 2180 1042 2308 etverusimitatcressentiaiiterboni
1053 2243 1192 2329 pastoris
1218 2303 1226 2319 ,

68 2346 135 2390 non
149 2323 257 2388 timuit
273 2344 441 2388 occurrere
452 2319 504 2385 vel
516 2319 673 2385 Geisirico
682 2345 716 2388 re
740 2325 1191 2393 iWandalorumvelAttalae

67 2408 139 2508 regi
150 2405 354 2490 Hunnorum,
366 2404 582 2472 infestissimis
597 2405 719 2473 scilicet
754 2409 875 2475 ostibus
887 2410 1042 2476 ecclesiae
1055 2410 1149 2479 simul
1161 2419 1192 2475 et

69 2516 118 2559 rer
126 2490 289 2642 publicam
301 2513 339 2557 ac
350 2490 484 2576 perinde
499 2487 611 2553 scribit
621 2490 707 2556 idem
720 2492 786 2557 Leo
798 2495 882 2558 inter
892 2504 998 2560 cetera
1008 2495 1191 2581 pastoribus

139 2576 241 2641 usiae:
278 2591 388 2643 Dicente
407 2606 477 2655 uero,
495 2572 600 2658 inquit
608 2585 630 2655 ²,
654 2590 778 2644 Domino:
792 2593 910 2656 ‘Beatum
926 2594 973 2660 qui
981 2593 1192 2660 perseveraverit
1201 2578 1330 2629 mm·
1351 2582 1354 2591 '

67 2598 125 2642 ⁰⁰⁰
1246 2638 1281 2678 ss.

68 2665 195 2734 usquein
207 2664 307 2732 finem,
328 2665 399 2715 unde
416 2672 474 2715 erat
492 2663 570 2714 beatu
580 2666 787 2728 perseuerantia,
808 2665 862 2718 nisi
874 2668 907 2719 de
919 2668 1015 2719 uirtute
1023 2668 1192 2733 patientiae?

70 2740 145 2791 Nam
157 2739 303 2791 secundum
315 2737 487 2803 apostolicam
495 2735 725 2801 praedicationem
738 2756 826 2791 amnes
844 2740 891 2806 qui
903 2739 1034 2793 voluerint
1046 2742 1075 2792 in
1088 2740 1190 2793 Ubristo

64 2814 114 2880 pie
133 2814 222 2864 uiuere
236 2811 446 2878 persecutionem
462 2810 610 2875 patientur,
629 2827 698 2875 quae
717 2829 771 2862 non
794 2811 824 2862 in
843 2830 872 2865 eo
890 2819 994 2864 tanturn
1012 2815 1193 2881 computanda

69 2894 118 2951 est,
138 2887 211 2953 quod
235 2891 327 2936 contra
350 2882 522 2934 christianam
537 2881 664 2947 pietatem
689 2891 736 2934 aut
746 2886 825 2952 serra
845 2895 892 2936 aut
910 2886 1015 2953 iqnibus
1035 2887 1126 2954 apitur
1145 2893 1192 2938 aut

69 2959 272 3027 quibuscunque
296 2955 451 3023 supplicis,-
475 2972 533 3007 cum
554 2965 754 3022 persecutorum
779 2958 918 3011 saeuitiam
933 2961 1075 3025 suppleant
1094 2970 1118 3013 et
1136 2961 1191 3012 dis·

68 3031 279 3086 ss'mib'tudinesa
301 3047 403 3081 nimum
427 3036 452 3081 et
470 3029 636 3080 contumacia
654 3029 860 3082 inobedientium
879 3040 903 3083 et
920 3034 1101 3100 mctipnarum
1119 3035 1191 3085 setas

69 3105 234 3173 linquarum,
254 3121 313 3156 cum
331 3102 484 3155 huiusmodi
496 3100 731 3168 conflictationibus
751 3104 840 3155 omnia
858 3121 960 3171 semper
978 3107 1095 3156 membra
1113 3108 1191 3158 eccl·

69 3178 130 3230 siae
143 3179 287 3244 puisentur
313 3184 336 3228 et
361 3178 438 3228 trulla
457 3175 565 3241 piorum
586 3175 674 3240 portio
698 3194 716 3226 a
735 3175 924 3243 conflictatione
943 3176 977 3228 sit
996 3176 1087 3230 libera.
1126 3178 1190 3231 Pcr-

69 3252 233 3303 manendum
256 3258 293 3302 est
318 3267 379 3316 erpo
403 3250 431 3301 in
455 3265 532 3315 opere
559 3248 656 3300 erectim
683 3255 707 3300 ct
724 3250 753 3301 in
773 3251 862 3301 labore
881 3259 1016 3317 suscepto‚·
1040 3258 1192 3304 constanter

70 3326 187 3378 tenenda
211 3331 248 3376 est
272 3322 376 3374 iustitia
401 3330 425 3375 et
450 3321 559 3388 benipne
573 3324 743 3388 praestanda
766 3322 911 3376 adementia.
953 3323 1019 3377 Odia
1042 3325 1192 3376 habeantur

68 3403 189 3464 peccata,
214 3414 269 3448 non
294 3396 427 3458 immines,-
453 3394 634 3459 corripiantur
659 3396 762 3460 tumidi,
787 3398 929 3449 tolerentur
952 3397 1057 3464 infirmi,
1076 3406 1102 3450 et
1120 3399 1192 3464 quod

66 3472 98 3523 in
122 3471 293 3536 peccantibus
318 3469 436 3521 seuerius
459 3467 586 3534 castipari
610 3485 713 3521 necesse
739 3477 783 3532 est,
813 3488 867 3522 non
891 3469 1033 3523 saeuientis
1057 3473 1191 3536 plectatur

69 3543 170 3608 anicio,
195 3545 243 3596 sed
265 3543 408 3605 medentis,-
433 3560 464 3594 ac
494 3541 519 3591 si
541 3541 716 3593 uehementior
741 3542 876 3596 tribulatio
895 3544 1052 3607 incubuerit,
1078 3562 1133 3595 nan
1152 3545 1191 3595 ita

70 3633 288 3684 sapacescamus,
312 3615 392 3681 quasi
415 3615 456 3667 itti
478 3614 635 3666 monedati
648 3616 769 3681 propriis
793 3617 896 3670 viribus
914 3618 1068 3681 resistendo,
1088 3634 1147 3670 cum
1166 3626 1191 3669 et

70 3690 211 3742 consilium
228 3696 348 3741 nostrum
360 3696 391 3753 et
401 3688 536 3755 sortuudo
556 3688 591 3739 sit
609 3687 737 3751 Uiriatus,
758 3707 790 3741 ac
809 3690 866 3742 sine
885 3707 935 3756 quo
954 3691 1023 3743 scibit
1035 3708 1189 3758 possumus,

62 3780 119 3830 per
143 3763 232 3830 ipsum
254 3768 350 3814 cuncta
370 3763 514 3827 possimus,
539 3761 586 3826 qui
610 3762 768 3828 confinnans
787 3765 989 3829 praedicatores
1016 3763 1149 3832 euanpelii
1167 3773 1191 3815 et

68 3843 296 3889 sacramentorum
321 3835 467 3887 ministros:
498 3833 575 3886 ‘Ecce
596 3833 663 3901 epa,
688 3835 783 3900 inquit,
811 3838 950 3889 ‘uobiscum
979 3855 1038 3890 sum
1070 3838 1189 3890 omnibus

68 3908 163 3962 diebus
189 3927 272 3976 usque
297 3910 334 3960 ad
358 3905 606 3961 consummationem
631 3906 750 3960 ausculfi
787 3909 823 3961 Et
841 3910 949 3962 iterum:
973 3909 1074 3979 ‘Haec',
1094 3908 1188 3977 inquit,
1199 3904 1280 4003 ³¹⁸2}
1290 3906 1329 3956 ²⁸»

69 4119 93 4172 a)
108 4121 151 4162 sed
167 4123 191 4161 st
205 4121 419 4162 dtsstmilttudinsm
435 4146 552 4162 ......
569 4121 621 4160 tetis
639 4121 666 4170 1;
680 4120 718 4160 snt
732 4121 784 4160 base
799 4130 846 4160 cum
861 4121 966 4161 sententia
982 4122 1023 4161 toci
1034 4126 1144 4172 puqnant.

73 4282 100 4346 1)
120 4281 153 4333 A.
175 4280 255 4347 1085,
275 4281 318 4332 25.
338 4281 402 4332 Mai.
478 4281 507 4346 2)
525 4281 625 4332 Leonis
645 4280 760 4348 epistula
779 4280 814 4331 ad
834 4283 911 4333 Rust.
931 4282 1022 4349 Nara,
1043 4282 1190 4332 Hinschius

71 4373 100 4423 p.
120 4353 184 4406 615.
920 4435 960 4485 4*
