2812 4830
253 364 304 414 DE
322 362 481 415 UNITATE
500 361 703 416 uacuuslnu
725 363 1000 418 CONSERVANDA.
1155 367 1191 417 03

53 538 181 616 utpote
204 531 262 629 qui
280 528 401 594 nullius
422 530 489 593 fere
511 538 561 594 est
588 529 781 595 literatoriae
808 531 996 597 eruditionis
1020 531 1072 598 vel
1090 534 1191 598 scien·
1200 553 1269 595 nasu
1278 554 1314 607 11,

53 615 137 695 tiae,
161 614 226 678 nisi
248 613 422 700 quodiam
444 614 634 698 mysterium
655 615 747 680 istius
769 615 858 679 stulti
880 617 1028 702 pastoris,
1057 617 1119 682 hoc
1144 627 1193 682 est
1216 613 1298 656 Μ·

53 696 257 782 antichristi,
280 706 432 785 operatur
446 697 480 760 in
495 695 559 782 illo,
582 695 622 762 de
645 719 709 783 quo
730 698 772 763 ad
790 698 981 764 Zachariam
1003 702 1193 786 prophetam

57 782 187 848 dicitur
212 805 233 846 a
253 780 411 846 Domino:
446 782 573 862 Adhuc,
602 781 717 868 inquit,
746 806 834 848 sacre
862 785 923 850 tibi
943 807 1025 849 oasa
1042 789 1193 870 pastoris

59 866 169 948 attriti,
192 867 274 951 qaia
296 889 365 932 esce
387 889 446 952 eqo
468 867 631 931 suscitabo
649 877 818 951 pastorem
839 869 877 933 ia
899 878 1000 950 terra,
1023 872 1081 954 qai
1102 870 1191 934 dere-

60 951 147 1016 licta
169 972 238 1015 rroa
254 951 411 1032 undabit,
433 950 618 1035 dispersam
640 973 707 1015 rsoa
722 954 865 1036 requiret
885 962 914 1017 et
936 956 1111 1018 contritam
1125 976 1192 1018 riou

63 1035 205 1100 sanabit
232 1043 263 1096 et
287 1035 325 1100 id
355 1035 443 1120 qaod
472 1044 537 1098 stat
565 1056 632 1098 noa
662 1037 803 1100 enutriet
824 1044 854 1099 et
874 1058 992 1100 carues
1009 1040 1194 1123 pinguiam
1280 1094 1289 1105 .

63 1119 218 1200 comedet,
240 1116 302 1182 hoc
323 1129 372 1183 est
393 1118 527 1183 virtutes
549 1128 734 1182 sauctorum
756 1121 842 1184 etin
864 1141 942 1184 suae
964 1141 1082 1205 corpus
1103 1119 1193 1185 mali-

64 1205 132 1268 tiae
153 1201 291 1267 traiciat.
328 1201 415 1267 Ecce
431 1203 515 1265 enim
536 1204 671 1287 contigit
691 1203 725 1265 in
746 1201 859 1268 diebus
880 1202 944 1268 illis
966 1206 1193 1290 imperatorem

66 1284 234 1352 celebrare
254 1285 341 1386 apud
362 1286 564 1372 Moguntiam
585 1288 785 1351 nativitatem
806 1286 950 1370 Domini,
976 1287 1034 1351 ubi
1059 1288 1194 1355 aderant

67 1391 143 1434 eum
173 1391 213 1434 eo
242 1369 366 1456 ahquot
397 1371 507 1435 eisco
532 1370 544 1432 i
571 1380 603 1434 et
632 1370 763 1457 quidam
795 1370 835 1436 de
863 1371 1063 1458 principibus
1090 1373 1193 1458 regni.

68 1453 195 1519 Aderat
216 1455 315 1519 etiam
335 1453 382 1519 ibi
402 1392 456 1518 ille
513 1454 658 1540 artvigus
668 1467 689 1535 ¹,
718 1456 771 1520 oui
798 1463 875 1520 tuno
896 1478 961 1521 non
983 1455 1085 1520 solum
1109 1478 1194 1521 com·

67 1539 249 1604 manicavit
292 1538 343 1602 uis
367 1560 408 1603 ue
423 1560 576 1624 praesens
590 1540 772 1624 episcopus,
794 1539 898 1604 clerus
919 1551 951 1605 et
967 1540 1117 1627 populus,
1137 1539 1196 1606 sed

69 1623 170 1687 etiam
198 1620 286 1687 Ruot
308 1559 435 1706 ardus¹,
458 1623 515 1710 qui
545 1632 619 1688 ante
650 1621 775 1709 aliquot
805 1645 932 1689 menses
964 1635 1038 1710 post
1070 1625 1194 1691 obitum

68 1704 232 1771 Wenolini
252 1705 418 1770 ordinatus
440 1716 490 1770 est
509 1704 720 1791 Mogrmtinae
743 1705 899 1772 ecclesiae
920 1709 1194 1797 archiepiscopus,

68 1791 167 1856 cessit
188 1790 219 1855 ei
240 1790 275 1853 in
297 1789 409 1856 ordine
431 1801 464 1855 et
485 1790 592 1854 officio
614 1812 672 1855 suo
694 1801 727 1856 et
748 1793 911 1855 consensit
930 1793 1064 1878 indigno
1086 1793 1193 1876 modo,

68 1883 105 1938 ut
137 1873 181 1939 ad
213 1874 305 1939 initia
336 1872 573 1939 nocturnalium
604 1873 778 1940 lectionum
811 1874 921 1940 solitas
954 1874 1194 1942 benedictiones

67 1958 192 2024 faceret
212 1959 246 2021 in
268 1968 335 2023 tam
358 1958 477 2023 celebri
499 1970 661 2024 conventu
683 1969 715 2024 et
734 1959 769 2022 in
783 1968 849 2024 tam
865 1958 984 2026 celebri
1005 1970 1099 2025 nocte
1114 1962 1195 2024 nati·

68 2042 179 2107 vitatis
192 2041 338 2107 Domini.
372 2043 427 2108 Sia
441 2062 529 2124 vero,
552 2042 599 2106 sio
613 2064 698 2108 nunc
716 2041 952 2141 promulgatrix
974 2052 1024 2109 est
1044 2054 1100 2108 aut
1120 2067 1194 2110 exe·

68 2126 181 2191 outrix
208 2135 392 2191 sanctorum
420 2147 579 2191 canonum
601 2127 791 2226 Moguntma
812 2149 941 2226 quoque
962 2128 1107 2211 ecclesia,
1130 2150 1194 2192 nou

68 2208 241 2276 attendens
263 2211 332 2274 sive
352 2210 599 2297 parvipendens,
624 2211 700 2296 qurd
722 2221 850 2296 gestum
873 2219 915 2276 ut
936 2212 970 2275 in
992 2235 1039 2293 ea,
1063 2222 1094 2277 et
1117 2212 1194 2299 quid

69 2296 210 2382 gesserit
229 2295 311 2380 ipsa,
334 2294 496 2383 quomodo
519 2293 571 2358 ille
587 2294 702 2360 Hartvi
728 2317 766 2359 us
787 2295 947 2360 iudicatus
970 2305 1002 2361 et
1023 2297 1194 2361 damnatus

70 2379 111 2444 sit
133 2379 168 2442 in
191 2398 239 2442 ea.
275 2379 339 2443 Pro
360 2378 545 2444 huiusmodi
568 2379 680 2443 scribit
727 2378 867 2444 elesius²
888 2401 975 2466 papa
997 2391 1107 2447 contra
1127 2381 1195 2446 fau·

68 2472 157 2528 'tores
172 2461 295 2526 Acaill:
315 2477 393 2531 Haec
409 2487 455 2543 est,
474 2462 633 2548 inquiens,
650 2478 700 2529 illa
716 2475 838 2540 mistura,
858 2479 923 2531 daec
942 2488 979 2532 est
996 2479 1047 2531 illa
1064 2481 1193 2547 confusio,

71 2569 127 2620 qua
142 2569 195 2619 per
214 2558 296 2603 totam
314 2551 362 2603 doc
380 2568 491 2619 requam
509 2550 579 2604 iuter
597 2550 753 2604 catholicam
771 2549 963 2618 hereticamqae
988 2553 1194 2607 communionem

67 2635 147 2686 nulia
160 2642 198 2686 est
217 2633 349 2696 discretio,
370 2633 480 2701 ideoque
499 2634 566 2686 sicat
584 2632 712 2702 quisquis,
731 2617 785 2697 alt,
806 2634 839 2683 ab
858 2635 909 2686 tac
925 2636 1071 2688 colluvione
1090 2645 1193 2688 caucto-

67 2724 131 2760 rwm
150 2715 293 2774 separatis
313 2713 350 2758 est
368 2723 495 2772 syncerae
514 2705 703 2760 communionis
722 2714 747 2758 et
764 2706 824 2758 ideo
843 2708 987 2759 catolicae
1001 2710 1192 2775 comprobatur,

68 2781 110 2832 ita
130 2779 251 2847 quisquis
276 2780 351 2832 illias
370 2780 520 2832 detestandi
538 2779 684 2834 commercii
703 2780 842 2845 particeps
861 2781 1004 2846 incessitur,
1029 2791 1158 2848 quantum
1177 2801 1195 2833 a

69 2871 183 2922 smera
206 2852 395 2916 commissione,
421 2861 525 2905 tautam
550 2873 568 2906 a
594 2853 723 2906 catholica
745 2857 824 2917 atque
851 2855 996 2919 apostolica
1019 2865 1133 2907 remotas
1158 2861 1195 2908 cst

70 2925 245 2994 confessione.
269 2981 271 2986 ,

70 3079 93 3132 a)
111 3080 264 3120 Ruochsrdus
282 3081 302 3121 1.

70 3230 99 3298 1)
119 3232 201 3282 Hanc
219 3237 305 3282 toturn
324 3246 381 3281 rem
400 3229 577 3281 Waltraruum
598 3229 661 3279 odio
680 3230 807 3292 Hartvigi
826 3227 972 3279 adductum
992 3227 1110 3292 finxisse,
1132 3246 1194 3280 con·

68 3304 215 3356 teuderim.
244 3305 314 3355 Nam
334 3319 422 3369 neque
442 3305 506 3353 anni
528 3301 605 3354 1088.
626 3318 714 3368 neque
736 3301 816 3353 1080.
837 3301 881 3352 die
901 3300 986 3351 natali
1005 3302 1105 3354 Christi
1124 3303 1195 3353 hanc

67 3395 128 3429 rem
161 3377 312 3441 accidisse,
345 3376 426 3426 facile
458 3377 632 3426 demonstrari
669 3380 766 3441 potest.
811 3375 985 3425 Waltramum
1017 3377 1081 3426 unni
1114 3375 1193 3427 1088.

68 3452 241 3502 nativitatem
272 3451 383 3501 Domini
413 3451 440 3500 iu
473 3456 561 3500 mento
589 3449 731 3509 habuisse,
761 3448 850 3500 elucet
878 3465 892 3498 e
924 3449 1029 3500 verbiss
1060 3450 1194 3500 Raetiar-

65 3525 132 3587 dus,
152 3524 279 3590 quiante
299 3524 400 3589 aliquot
417 3539 518 3574 menses
533 3529 594 3588 post
613 3522 711 3572 obitura
736 3520 858 3573 Weeelirsi
880 3519 1021 3572 ordinatas
1041 3530 1087 3573 est.
1125 3522 1193 3572 Nam

69 3597 211 3650 ordinatus
238 3604 280 3649 est
310 3597 337 3648 ὅ.
361 3595 423 3646 Kal.
451 3596 547 3648 Octob.
578 3597 641 3645 anni
668 3593 752 3657 1088;
788 3601 815 3647 et
840 3612 855 3646 e
880 3596 969 3646 verbis
996 3597 1093 3662 capitis
1121 3597 1194 3646 inse·

69 3672 199 3738 quentis:
227 3669 291 3721 Post
316 3670 375 3721 illos
399 3677 486 3720 autera
511 3669 577 3731 dies,
603 3666 699 3734 quibas
724 3667 788 3718 haec
807 3684 876 3734 qaae
895 3666 1011 3719 dirimas
1032 3668 1195 3736 factasunt

69 3744 236 3810 Mopautine,
255 3743 438 3795 concelebrata
456 3750 493 3794 est
512 3749 564 3792 etc.
602 3741 693 3791 Medio
720 3743 789 3790 euim
816 3757 885 3792 auno
907 3741 986 3793 1089.
1006 3743 1194 3808 imperatorem

67 3816 223 3868 Praxedem
249 3819 278 3867 in
304 3817 502 3867 matrimonium
522 3815 639 3876 duxisse,
658 3816 729 3864 iuter
748 3830 841 3864 omues
866 3819 971 3865 constat
990 3814 1109 3880 (Stampf
1126 3816 1194 3881 Reg.

69 3890 159 3954 2899;
179 3889 287 3941 Ekkeh.
309 3890 371 3940 (ihr.
391 3887 518 3948 a.1089;
539 3889 608 3938 Auu.
629 3889 742 3951 August.
763 3903 787 3938 a.
804 3885 894 3950 1089).
933 3888 1002 3937 Inde
1023 3887 1145 3951 efficitur,
1165 3894 1195 3939 ut

69 3963 313 4030 quaeWaltrsmus
323 3963 479 4027 Moguutiae
493 3960 577 4012 natali
590 3961 700 4010 Domini
717 3960 790 4010 facta
804 3976 863 4011 esse
879 3960 1017 4011 contendit
1032 3961 1195 4012 ann01088.

68 4052 125 4087 non
154 4036 230 4087 factu
255 4053 323 4100 esse,
352 4036 435 4086 statui
463 4051 516 4085 nou
539 4034 630 4100 possit.
669 4033 705 4083 At
730 4033 782 4082 hoc
808 4048 877 4083 auno
903 4033 1092 4098 imperatorem
1122 4033 1193 4101 apud

69 4109 199 4162 Glichum
218 4109 310 4173 fnisse,
332 4108 493 4159 Waltramus
512 4109 569 4173 ipse
589 4106 626 4171 (c.
646 4106 692 4169 35)
714 4104 787 4166 dicit,
814 4111 841 4156 et
859 4105 907 4155 alii
925 4105 1035 4157 tradunt
1053 4106 1196 4173 (Beruoldi

70 4183 151 4247 Ohr.;
171 4183 241 4234 Anu.
262 4180 401 4244 Hildesh.;
421 4181 490 4231 Anu.
509 4177 642 4244 August).
681 4180 752 4228 Auni
773 4184 863 4229 eutem
887 4178 965 4230 1089.
986 4179 1057 4230 diem
1076 4180 1194 4231 natalem

69 4257 183 4307 Domini
196 4258 385 4323 imperatorem
399 4255 562 4320 Ratisponae
578 4252 738 4314 celebrasse,
752 4251 819 4303 Anu.
835 4252 905 4303 Saxo
919 4257 1020 4307 narrat.
1077 4251 1107 4322 2)
1127 4254 1195 4303 Hin-

71 4329 164 4381 schius
183 4347 210 4397 p.
232 4330 295 4380 649.
