2812 4830
247 371 298 421 DE
319 370 478 422 UNITATE
498 370 703 424 EchssmE
725 372 1000 427 CONSERVANDA.
1148 375 1182 426 77

57 548 150 602 sunt:
183 536 413 602 Thiederiohus
437 508 684 603 Viridunensis⁸
706 539 861 605 ecclesiae
883 543 1065 628 episcopus,
1095 542 1257 610 Heu-ross.

56 623 167 686 richus
189 622 362 707 episcopus
376 621 527 704 Leodiae,
550 621 763 688 Ohuonradus
778 625 948 710 episcopus
963 626 1180 691 Traiectensis

54 705 226 786 ecclesiae,
249 705 422 770 Udalricus
436 705 673 771 Eihstatensisl’
689 707 842 772 ecclesiae
858 711 1040 795 episcopus,
1056 710 1181 796 Megin-

56 790 187 855 wardus
202 791 419 876 Frisingensis
433 789 589 856 ecclesiae
608 793 789 877 episcopus,
800 791 878 857 Otto
890 795 1063 893 episcopus
1078 795 1181 859 Ratis-

55 896 172 961 ponae,
185 873 400 940 Ruobberdus
413 876 584 961 episcopus
592 875 889 962 Babenbergensisc
897 877 1061 958 ecclesiae,
1074 878 1181 942 Huoz-

55 959 219 1022 mannus‘¹
246 958 409 1044 Spirensis
436 959 591 1025 ecclesiae
613 961 795 1046 episcopus,
826 961 903 1027 Otto
926 961 1181 1027 Constantiensis

54 1043 213 1107 ecclesiae
235 1045 418 1129 episcopus,
440 1045 625 1108 Burcardus
649 1045 822 1130 episcopus
845 1045 884 1110 de
901 1045 1059 1130 Losanna,
1091 1048 1125 1112 si
1150 1071 1180 1112 e-

56 1126 161 1192 fridus
189 1129 364 1275 episcopus
394 1150 436 1192 ex
457 1129 616 1212 Augusta,
648 1128 859 1195 Gebehardus
881 1131 1054 1216 episcopus
1077 1071 1180 1196 Bei-

56 1213 177 1277 mcnsis
222 1213 371 1297 ePraga,
392 1212 467 1277 Udo
484 1210 799 1278 Hildinisheimensis
821 1213 974 1279 ccclesiae
997 1217 1180 1300 episeopus,

49 1295 243 1360 ‘Henriohus
254 1295 597 1362 Paderbrunnensis⁰e
622 1298 763 1384 isoopus,
776 1299 867 1383 Erph
883 1299 1054 1385 episcopus
1069 1299 1180 1363 Mona-

58 1381 157 1463 sterii,
180 1379 331 1445 Folomar
346 1381 522 1446 Mindensis
538 1319 693 1446 ecclisiae
708 1383 898 1469 episcopus,
921 1382 1004 1449 Bibo
1019 1382 1179 1448 Tullensis

56 1463 215 1529 ecclesiae
241 1466 422 1551 episcopus,
451 1466 527 1553 quia
553 1487 612 1552 per
639 1488 674 1530 se
701 1467 810 1552 ipsum
838 1465 953 1532 adesse
979 1490 1044 1531 non
1066 1469 1180 1554 potuit,

56 1570 118 1635 per
137 1547 263 1634 legatos
285 1571 369 1630 suos,
392 1551 447 1636 qui
468 1551 539 1614 vioe
561 1572 621 1614 sua
643 1552 826 1626 intererant,
855 1550 932 1614 huic
955 1551 1079 1636 synodo
1107 1575 1181 1616 oon·

56 1635 158 1698 sensit
179 1643 212 1698 et
232 1633 439 1719 subscripsit,
461 1634 644 1698 Burcardus
666 1657 795 1735 quoque
817 1635 1004 1701 Basiliensis
1026 1637 1180 1700 ecclesiae

55 1718 231 1804 episcopus
260 1727 293 1782 et
325 1716 403 1782 Otto
438 1717 701 1804 strazburgensis
734 1718 887 1784 ecclesiae
922 1721 1095 1806 episcopus
1123 1743 1181 1806 per

55 1800 181 1888 legatos
219 1824 293 1866 suos
330 1811 558 1887 consenserunt
593 1812 625 1868 et
656 1803 925 1889 subscripserunt,
959 1806 1014 1889 qui
1072 1813 1181 1890 ropter

57 1884 167 1951 hostes
200 1885 343 1951 ecclesiis
377 1888 442 1951 suis
474 1887 646 1952 crudeliter
680 1888 776 1950 nimis
809 1889 1012 1952 imminentes
1049 1827 1178 1952 ionum

57 1971 185 2035 dimissi
206 1979 288 2037 sunt.
315 1970 360 2035 Et
380 1970 472 2035 multi
495 1971 590 2035 simul
604 1970 784 2057 presbyteri
805 1980 902 2058 atque
917 1971 1068 2036 diacones
1084 1972 1179 2036 inter-

54 2053 186 2120 fuerant
207 2054 283 2118 huio
304 2054 428 2140 synodo
451 2055 683 2140 congregatae‘
712 2056 746 2118 in
768 2056 895 2120 civitate
918 2056 1095 2141 Mogontia,
1123 2057 1178 2122 ubi

58 2149 91 2205 et
114 2140 266 2220 omnium,
291 2140 373 2203 sicut
394 2138 514 2204 dictum
537 2151 595 2220 est,
618 2141 844 2224 episcoporum
859 2139 970 2204 aderat
992 2161 1177 2222 consensus,

58 2224 129 2288 sive
153 2223 194 2288 de
215 2223 311 2287 Italia
333 2224 402 2288 sive
418 2221 534 2303 Gallia,
556 2225 655 2287 immo
678 2223 718 2288 de
741 2225 828 2288 omni
850 2223 1009 2288 catholica
1031 2223 1177 2305 ecclesia,

57 2309 94 2371 in
123 2328 259 2392 quorum
288 2306 418 2373 alternis
447 2307 598 2372 cordibus
624 2308 706 2372 vivit
727 2307 878 2408 spiritalis
900 2331 990 2373 amor
1011 2318 1043 2373 et
1064 2310 1178 2393 gratia,

58 2400 105 2474 ut,
129 2392 213 2456 sicut
228 2391 381 2457 unitatem
400 2403 508 2456 tenere
526 2392 660 2457 firmiter
681 2401 713 2456 et
726 2392 891 2456 vrndicare
907 2392 1025 2458 debent
1038 2394 1179 2457 maxime

57 2476 215 2561 episcopi,
239 2478 294 2562 qui
315 2477 348 2540 in
364 2475 500 2541 ecclesia
520 2478 715 2561 praesident,
736 2478 781 2540 ita
803 2478 1027 2576 episcopatum
1049 2499 1178 2564 quoque

59 2582 162 2624 unum
184 2569 281 2646 atque
302 2560 477 2624 indivisum
500 2560 647 2646 probent.
690 2560 811 2627 Multae
842 2561 1000 2646 siqusdem
1024 2562 1179 2626 ecclesiae

57 2644 183 2708 faciunt
203 2666 302 2709 unam
324 2644 514 2709 catholicam
536 2644 715 2729 ecclesiam,
741 2654 773 2710 et
793 2645 867 2709 licet
888 2644 995 2730 plures
1018 2646 1094 2710 facti
1115 2647 1178 2711 sint

56 2728 253 2810 sacerdotes,
283 2751 366 2793 unus
387 2740 493 2795 tamen
516 2740 564 2794 est
587 2730 791 2815 episcopatus
819 2742 952 2815 propter
980 2752 1074 2793 unam
1106 2751 1178 2794 ean-

58 2812 200 2900 demque
226 2811 394 2878 ecclesiam
415 2811 616 2879 catholicam.
660 2816 766 2894 Quam
796 2814 918 2877 scilicet
945 2816 1098 2879 unitatem
1122 2815 1178 2900 qui

57 2918 125 2961 non
151 2905 247 2979 tenet,
278 2896 400 2961 alienus
429 2907 487 2979 est,
517 2898 670 2983 profanus
699 2907 747 2961 est
776 2907 807 2961 et
827 2896 928 2961 hostis
950 2909 1007 2981 est,
1031 2900 1115 2963 sicut
1136 2921 1177 2963 ex

58 2981 224 3045 communi
246 2990 428 3046 sanctorum
449 2992 577 3067 patrum
599 2981 718 3044 iudicio
740 2981 913 3045 diffinitum
935 2993 991 3045 est.
1036 2983 1100 3045 Sed
1123 2982 1178 3046 ali-

57 3066 117 3152 qui
146 3066 371 3151 episeoporum
401 3068 547 3130 exierunt
571 3067 612 3130 ab
634 3063 761 3128 illorum
783 3066 1017 3145 communione,
1041 3088 1177 3213 puerum

57 3158 236 3214 conventus
259 3159 307 3213 est
328 3151 396 3214 sive
412 3172 587 3214 consensus
607 3149 653 3215 ibi
666 3149 770 3214 fuerat
789 3172 847 3234 pro
862 3171 1038 3234 recuperari
1063 3170 1177 3234 space

57 3233 111 3298 vel
139 3231 295 3299 ecclesiae
323 3232 375 3299 vel
401 3235 448 3298 rei
469 3233 630 3320 publicae,
652 3235 707 3319 qui
729 3235 825 3298 etiam
846 3255 888 3296 ex
910 3233 1011 3298 multo
1033 3242 1177 3318 tempore

57 3315 233 3382 noluerunt
257 3340 359 3405 usque
386 3319 490 3383 adhuo
520 3319 755 3383 communicare
785 3317 855 3382 sedi
883 3317 1087 3403 apostolicae,
1109 3318 1177 3381 sine

58 3403 152 3466 cuius
173 3403 363 3468 auctoritate
384 3424 443 3466 nec
457 3403 520 3488 ipsi
536 3402 666 3488 quidem
687 3412 822 3488 possunt
835 3399 969 3466 alicuius
984 3400 1177 3487 episcopalis

57 3485 161 3550 officii
181 3487 394 3552 ministerium
416 3486 550 3568 habere,
572 3486 708 3573 ideoque
731 3487 874 3571 ipsorum
894 3485 1022 3550 hereses
1048 3494 1079 3551 et
1101 3487 1177 3549 scis-

57 3579 147 3634 mata
173 3570 214 3634 ab
243 3570 390 3635 omnibus
418 3568 581 3635 catholicis
609 3570 782 3656 reprobata
809 3579 883 3634 sunt
907 3583 1003 3656 atque
1026 3570 1177 3634 damnata

58 3676 135 3718 cum
161 3655 241 3740 ipsis
270 3655 453 3719 auctoribus
482 3655 601 3740 pariter
629 3664 661 3718 et
690 3650 889 3719 consortibus
917 3663 1069 3719 externae
1092 3675 1177 3717 oom-

57 3739 222 3803 munionis
243 3749 340 3825 atque
361 3738 526 3824 perfidiae.
569 3738 615 3801 Hi
636 3749 743 3804 autem
765 3748 847 3820 sunt,
892 3740 925 3800 ui
947 3749 1002 3802 aut
1024 3739 1176 3823 fugiendo

56 3823 267 3908 episcopatus
289 3845 365 3888 suos
387 3822 585 3905 dimiserunt,
608 3834 664 3888 aut
687 3844 741 3887 eos
762 3845 822 3908 per
843 3760 927 3886 billa
949 3823 1091 3887 maxima
1114 3821 1176 3886 sibi

57 3907 255 3972 vindicando
281 3916 534 3993 usurpaverunt,
562 3930 602 3971 ne
632 3906 904 3970 communicarent
935 3907 974 3970 iis
1007 3908 1063 3994 qui
1092 3929 1177 3970 com-

57 3993 225 4056 municant
253 3991 409 4057 catholico
436 3991 622 4078 imperatori
649 3989 701 4055 vel
728 3990 796 4054 sedi
825 3990 1035 4075 apostolicae:
1074 3991 1176 4056 Gebe·

56 4075 179 4140 hardus
217 4075 474 4161 saltzburgensis
511 4073 665 4139 ecclesiae
698 4074 966 4160 archiepiscopus,
1000 4074 1176 4159 Hartvigus

57 4158 369 4245 Magadaburgensis
391 4158 544 4224 ecclesiae
566 4159 838 4244 archiepiscopus,
863 4157 1024 4223 Adalbero
1047 4158 1176 4223 Wirtzi-

57 4293 81 4348 a)
96 4296 298 4338 Virtdumsnstsl.
344 4293 369 4346 b)
385 4297 483 4338 Einstat.
494 4298 514 4336 1.
561 4293 582 4346 o)
598 4292 745 4342 Babanburg.
755 4295 775 4334 1.
829 4291 852 4342 d)
868 4293 963 4332 Huorm.
975 4295 996 4334 1.
1046 4290 1174 4343 e)Pod.1.

57 4353 76 4405 l)
93 4359 235 4406 congregata
253 4357 279 4405 13
294 4354 384 4398 Setos-d.
402 4356 527 4396 emendavit.
