2812 4830
202 294 276 345 VIII
663 289 879 342 PRAEFATIO.

200 461 385 547 -opolopia’.
408 459 585 525 Goldostus
600 467 700 524 totam
710 459 966 542 disputationem
981 461 1018 522 in
1028 467 1092 523 tres
1102 459 1204 524 libros
1216 461 1333 526 diuisit

204 556 236 611 et
249 545 351 610 libros
372 547 410 609 in
426 546 549 628 capita,
569 545 761 628 inquorum
776 543 996 627 capitulorum
1015 543 1178 608 diuisione
1199 555 1331 610 secutus

205 639 262 710 est,
284 638 321 692 ut
340 631 413 714 ipse
434 629 526 708 dicit,
548 630 702 692 sectiones
723 628 879 691 editionis
893 627 1128 709 Frelerianae,
1149 627 1225 693 licet
1246 653 1329 694 nou·

206 736 378 798 nunquam
393 735 521 796 pamun
536 712 696 776 corumode
717 713 892 775 intercisas
914 720 944 774 et
964 712 1004 775 ab
1019 713 1152 797 intepra
1167 717 1331 777 sententia

201 800 423 883 interruptus.
468 797 564 860 Anno
595 795 687 875 1624,
715 819 788 859 cum
817 797 992 880 scriptores
1019 818 1130 860 rerum
1153 795 1328 861 Geruiuni·

205 905 322 946 carum
340 883 489 946 rariores
500 879 632 962 fierent,
655 902 678 942 a
692 879 905 943 Wecielianis
930 879 1103 943 heredibus
1125 902 1209 944 uoco
1228 881 1330 945 editio

205 967 285 1030 tomi
306 966 415 1050 primi
446 965 581 1029 diedesi
613 965 783 1027 adornata
815 973 870 1026 est.
913 964 958 1026 Et
988 987 1061 1027 cum
1095 962 1201 1027 altera
1231 967 1330 1029 etium

207 1048 404 1114 collectionis
417 1049 641 1113 Freieriunae
663 1048 763 1112 editio
785 1048 871 1110 inter
885 1046 1113 1132 rdiquasfere
1127 1057 1208 1113 esset
1221 1051 1328 1112 raris·

206 1134 301 1212 sima,
324 1133 459 1217 publico
488 1133 625 1197 consitio
655 1140 752 1194 ratus
781 1132 910 1195 tertiam
942 1131 1116 1197 editionem
1149 1133 1330 1197 adornauit

206 1215 326 1282 Struue
338 1216 553 1303 Arpentorati
565 1215 646 1279 1717
658 1227 680 1277 ¹.
691 1254 724 1262 -
736 1215 922 1279 Editionem
927 1217 1119 1301 principem
1129 1219 1231 1281 secuti
1245 1240 1331 1302 quae

207 1300 269 1364 alii
300 1310 384 1364 reete
416 1301 603 1364 emendasse
636 1299 789 1364 uidentur
820 1301 1017 1383 recepimus,
1050 1301 1129 1365 locis
1162 1303 1330 1384 corruptis

207 1393 368 1471 quantum
397 1385 586 1469 potuimus,
613 1383 769 1468 sontibus
794 1385 990 1468 praesertim
1026 1383 1169 1465 collatis,
1207 1385 1331 1450 mederi

206 1469 403 1549 studuimus,
419 1468 585 1532 scribendi
597 1469 758 1532 rationem
771 1469 856 1531 mori
870 1467 996 1532 saeculi
1010 1467 1066 1534 XI.
1082 1469 1329 1552 adoptavimus.

210 1548 307 1624 Quod
323 1553 368 1615 ad
383 1555 530 1636 cupitum
544 1553 736 1616 diuisionem
751 1552 875 1632 attinet,
892 1551 1085 1637 plerumque
1100 1555 1202 1617 secuti
1215 1574 1330 1616 sumus

209 1634 404 1700 Goldastum
426 1645 455 1699 et
475 1636 661 1699 Freherum.
700 1634 779 1699 Cum
802 1645 919 1715 autem,
941 1644 977 1697 ut
999 1634 1180 1700 Goldastus
1201 1658 1329 1721 quoque

207 1742 267 1783 suo
289 1721 362 1782 iure
384 1721 474 1801 dicit,
495 1720 660 1783 interdum
682 1719 837 1783 sectiones
860 1719 1007 1803 capitum
1025 1741 1151 1803 porum
1166 1722 1329 1785 commode

206 1804 382 1868 intercisae
396 1804 575 1867 uideantur
595 1814 625 1868 et
638 1805 796 1867 sermonis
806 1804 1058 1886 perpetuitatem
1073 1805 1330 1887 interrumpunt,

206 1887 372 1952 interdum
396 1887 474 1953 aliis
494 1887 575 1952 locis
589 1888 772 1952 orationem
793 1887 1032 1967 intercidimus,
1053 1887 1112 1952 ott
1130 1897 1236 1951 autem
1251 1889 1330 1951 Fre-

208 1973 307 2036 lierus
328 1982 358 2036 et
380 1970 559 2037 Goldostus
581 1974 716 2036 initium
737 1973 858 2054 capitis
880 1973 1038 2057 cuiusque
1059 1993 1125 2036 esse
1146 1971 1331 2053 uoluerunt,

208 2078 377 2121 numerum
399 2079 510 2122 eorum
530 2059 568 2120 in
589 2057 740 2141 marpine
763 2056 953 2120 adiecimus.

295 2138 420 2213 Quibus
435 2141 531 2205 relus
545 2142 712 2224 enpositis,
729 2161 818 2202 nune
834 2139 927 2203 nobis
946 2135 1181 2222 suplicandum
1196 2147 1251 2220 est,
1268 2163 1331 2224 quo

207 2235 348 2309 tempore
364 2225 450 2287 itanc
465 2223 656 2308 apolopiam
670 2224 828 2307 scm'ptam
842 2244 909 2286 esse
918 2231 1082 2306 putemus.
1112 2223 1211 2286 Liber
1225 2233 1333 2288 autem

203 2310 336 2392 primus
360 2306 534 2392 apolopiue
581 2328 755 2391 erponem,
776 2306 858 2370 liber
879 2306 961 2370 alter
977 2305 1161 2389 permultas
1182 2328 1233 2369 res
1256 2330 1332 2372 con·

208 2394 299 2472 tinet,
328 2412 343 2452 e
373 2390 491 2474 quibus
520 2329 632 2475 collipi
657 2399 771 2473 potest,
802 2391 935 2475 quando
964 2398 1048 2454 totus
1076 2390 1159 2454 liber
1186 2393 1333 2475 scriptus

209 2476 262 2541 sit.
293 2474 383 2537 Nam
398 2496 596 2558 quamquam
619 2483 733 2538 auctor
755 2473 855 2538 altero
877 2474 960 2538 libro
982 2474 1157 2558 epistulam
1178 2477 1334 2541 monachi

210 2558 385 2623 cuiusdam
407 2559 663 2642 Hirsuupiensis
683 2557 812 2640 refellit,
833 2567 943 2623 tamen
963 2557 1084 2621 multas
1103 2581 1166 2639 res,
1189 2583 1272 2644 quae
1294 2562 1334 2623 in

210 2641 377 2721 Samoniu,
401 2643 599 2727 772urinpia,
621 2642 749 2705 Hassia
770 2643 810 2705 ab
825 2644 870 2706 iis
878 2642 997 2727 princi
1022 2642 1095 2706 ibus
1117 2653 1146 2707 et
1168 2645 1334 2727 episcopis

210 2726 417 2812 perelantur,
455 2729 514 2811 qui
554 2749 576 2790 a
611 2725 768 2871 Greporii
798 2726 866 2789 VH.
897 2663 1053 2810 pentilus
1085 2726 1226 2807 stabant,
1264 2736 1333 2792 tam

211 2818 366 2874 accurate
397 2819 527 2889 narrat,
562 2819 599 2874 ut
628 2833 683 2874 mu
696 2818 748 2872 tas
778 2812 848 2894 ipse
878 2811 1009 2889 uidisse,
1039 2809 1158 2873 multos
1188 2811 1332 2892 audisse,

210 2893 320 2958 multis
335 2893 431 2957 rebus
445 2893 637 2977 interfuisse
651 2895 814 2960 uideatur.
844 2895 976 2958 Primus
991 2893 1091 2974 loeus,
1112 2915 1129 2956 e
1145 2917 1207 2978 quo
1223 2894 1333 2976 elucet,

210 3000 274 3063 quo
297 2988 438 3062 tempore
460 2979 618 3065 apolopio
639 2988 754 3042 nostra
776 2980 975 3061 scriptasit,
999 2988 1045 3040 est
1064 2976 1158 3059 till,
1181 3003 1207 3044 e.
1221 2978 1252 3058 3,
1275 2979 1333 3043 ubi

210 3062 325 3126 uerba:
348 3084 445 3150 quem
466 3085 524 3149 per
545 3073 648 3128 totum
669 3072 734 3126 tem
758 3083 796 3125 us
817 3060 1014 3125 imminentis
1036 3058 1128 3142 belli,
1178 3062 1243 3126 uod
1266 3063 1331 3127 iam

209 3168 269 3232 per
292 3147 330 3209 17
353 3169 454 3213 annos
481 3158 609 3232 gestum
633 3155 692 3228 est,
756 3167 813 3209 sus
839 3144 1029 3210 mirabiliter
1057 3083 1241 3228 custodivit,
1270 3170 1331 3211 uos

210 3232 335 3313 docent,
359 3233 417 3298 loc
439 3234 598 3316 scriptum
620 3252 687 3294 esse
709 3239 843 3294 eneunte
866 3229 1067 3295 anu01090.
1100 3230 1224 3294 Initum
1246 3233 1333 3295 enim

209 3324 255 3380 est
282 3317 340 3381 hoc
368 3316 483 3380 lelium
511 3338 599 3379 anno
624 3312 716 3393 1073,
746 3336 819 3378 eum
847 3314 942 3378 nobis
969 3313 1144 3378 dicendum
1172 3318 1224 3395 sit,
1246 3314 1332 3380 illud

209 3401 353 3483 coepisse
376 3400 416 3463 ab
439 3401 688 3484 oppupnutione
707 3400 795 3462 arcis
815 3398 905 3464 iltius
928 3421 1012 3483 quae
1036 3398 1213 3483 Harzburp
1235 3421 1330 3462 uoca-

210 3493 265 3548 tur
285 3492 315 3547 et
335 3506 357 3545 u
372 3490 530 3547 contuentu
550 3484 588 3546 in
603 3483 674 3547 uico
688 3481 910 3548 Wormslelen.
937 3481 1067 3548 Deinde
1085 3483 1174 3546 nolis
1189 3485 1333 3548 occurrit

209 3566 265 3630 lib.
287 3566 315 3646 I,
341 3591 368 3630 c.
389 3566 439 3646 17,
460 3567 518 3631 ubi
537 3566 694 3652 lepimus:
727 3565 814 3652 quod
835 3588 908 3630 cum
928 3587 989 3712 per
1009 3564 1067 3629 hos
1091 3565 1131 3630 14
1152 3587 1253 3630 annos
1276 3577 1333 3632 aut

210 3670 249 3713 eo
264 3648 402 3734 amplius
416 3649 598 3736 frequenter
619 3659 810 3735 temptatum
833 3651 885 3730 sit,
907 3671 926 3712 a
964 3650 1113 3714 effectum
1135 3662 1243 3714 tamen
1261 3673 1332 3737 per·

209 3733 318 3796 venire
339 3755 405 3798 non
427 3734 541 3819 potuit.
577 3731 669 3809 Quae
683 3735 782 3800 uerba
803 3735 884 3820 quid
906 3735 971 3798 sibi
991 3734 1099 3813 uelint,
1122 3757 1162 3798 eoo
1183 3737 1225 3799 iis
1247 3759 1332 3820 quae

210 3827 393 3902 sequuntur
422 3827 574 3902 apparet.
616 3819 782 3884 Pertinent
803 3821 889 3883 euim
911 3819 957 3882 ad
978 3819 1123 3882 studium
1142 3841 1257 3903 papae
1279 3821 1332 3883 de·

236 3902 355 3966 onendi
370 3903 509 3967 Henrici
522 3905 612 3987 repis
631 3913 660 3967 et
677 3902 914 3967 Germanorum
928 3903 1158 3968 iurisiurandi
1172 3902 1331 3967 soluendi.

205 3925 358 4052 {dmum
385 3986 568 4071 epistulam,
597 4011 664 4072 qua
693 4009 726 4051 se
753 3989 827 4050 iure
855 3988 1151 4050 eucommuuieasse
1172 4010 1280 4072 rupem
1302 3997 1331 4050 et

210 4071 433 4134 iuramentum
456 4068 694 4134 Germanorum
724 4068 857 4135 solvisse
879 4070 1102 4134 demonstrare
1124 4081 1272 4149 conatur,
1302 4081 1332 4134 et

211 4155 248 4218 in
271 4176 338 4238 qua
353 4163 516 4239 prouocat
538 4156 584 4218 od
605 4154 753 4238 euempla
775 4154 962 4218 Zachariae
984 4163 1013 4217 et
1035 4154 1198 4238 Stephani
1216 4177 1328 4239 pupa-

213 4277 242 4346 1)
262 4278 303 4331 cf.
322 4280 406 4348 praef.
427 4279 528 4332 Struvii
546 4280 575 4330 in
594 4280 738 4332 editionem
758 4282 784 4332 3.
805 4279 972 4332 collectionis
990 4279 1181 4331 Freherianne.
