2812 4830
209 1154 296 1250 DE
333 1148 628 1248 UNITATE
665 1147 1024 1246 EOOLESIAE

360 1305 880 1404 CONSERVANDAz

525 1511 660 1576 LIBER
679 1513 706 1578 I.

143 1621 170 1684 l.
214 1618 316 1681 Neruo
345 1616 493 1680 ascendit
522 1617 560 1678 iu
591 1613 724 1694 caelum,
754 1614 823 1677 uisi
849 1615 909 1698 qui
938 1613 1102 1677 deseendit
1136 1612 1314 1684 densum.

56 1701 154 1783 eaelo,
179 1699 276 1781 filius
308 1701 460 1781 hominis,
494 1701 552 1783 qui
584 1708 629 1762 est
660 1703 698 1761 in
731 1721 771 1760 cu
788 1698 828 1764 lo.
873 1697 936 1761 Per
964 1695 1043 1760 haec
1073 1697 1175 1760 sancti

58 1783 217 1869 euangelii
253 1783 352 1849 verba
389 1780 592 1846 commendat
623 1780 784 1844 Dominus
820 1782 973 1844 unitatem
1010 1778 1176 1860 ecclesiae,

57 1890 139 1955 quae
167 1890 226 1954 per
252 1869 418 1931 caritatem
446 1864 645 1930 concordans
673 1863 891 1928 membrorum
912 1863 1033 1927 unitate
1056 1861 1177 1948 colligit

57 1975 93 2015 se
120 1953 155 2015 in
184 1949 306 2015 caelum
334 1951 368 2012 in
395 1950 466 2035 ipso
489 1947 712 2032 Redemptore,
741 1948 796 2094 31ιί
818 1956 867 2009 cst
889 1954 988 2030 caput
1009 1945 1174 2016 ecclcsiae.

58 2035 115 2100 Sic
138 2037 224 2099 enirn
244 2034 315 2119 ipse
338 2042 407 2097 orat
428 2033 469 2096 ad
491 2033 619 2096 Patrem
640 2030 743 2116 profi
769 2028 871 2093 elibus
893 2031 967 2110 suis,
997 2051 1077 2114 quos
1104 2052 1174 2114 prc-

57 2117 231 2184 destinavit
245 2117 420 2182 concordes
434 2117 503 2181 fore
526 2117 560 2179 in
575 2115 702 2180 vinculo
724 2114 866 2178 caritatis
888 2121 919 2178 et
940 2115 1048 2197 pacis:
1070 2114 1173 2200 Repo,

56 2203 216 2288 inquiens,
244 2211 281 2271 ut
311 2224 418 2265 ornnes
440 2224 543 2264 urruns
565 2202 640 2280 siut,
663 2201 745 2264 sicut
766 2208 801 2261 tu
818 2206 918 2282 puter
938 2200 975 2262 in
998 2220 1046 2260 me
1067 2206 1096 2261 et
1117 2219 1174 2278 eqo

57 2290 95 2351 in
124 2297 163 2368 te,
191 2294 227 2349 ut
255 2301 282 2348 et
302 2287 373 2369 ipsi
397 2288 432 2348 in
455 2285 548 2348 nobis
569 2306 672 2347 unum
695 2284 772 2365 sint,
795 2290 824 2344 et
846 2281 985 2362 dilectio,
1009 2303 1076 2366 qua
1098 2265 1175 2345 dile-

57 2373 140 2435 ocisti
166 2392 222 2451 me,
252 2371 290 2434 in
318 2371 403 2453 ipsis
432 2371 475 2432 sit
501 2377 529 2430 et
556 2389 613 2453 epo
639 2369 676 2432 in
697 2369 752 2430 iis.
777 2364 890 2429 ¹Unde
913 2373 1042 2428 sanctus
1063 2364 1176 2449 Augu·

57 2456 161 2519 stinus
186 2455 219 2518 in
245 2453 347 2538 ipsius
373 2451 531 2538 euangelii
554 2451 788 2536 expositionelz
819 2462 854 2513 1η
872 2479 934 2527 uno,
952 2449 1066 2533 inquit,
1089 2469 1175 2525 estote,

58 2569 142 2602 uuum
174 2555 265 2614 estole,
299 2567 369 2602 unus
402 2557 488 2602 estote.
549 2535 607 2599 Et:
646 2549 702 2602 Vae
732 2549 799 2611 illis,
831 2545 877 2610 qui
908 2545 1020 2597 oderunt
1047 2544 1176 2595 unitatem

57 2626 189 2688 ecclesiae,
204 2632 385 2690 presumentes
403 2624 433 2675 in
451 2623 600 2676 hominibus
638 2632 708 2675 artes
719 2624 824 2690 fucere.
867 2610 999 2676 Utinam
1018 2611 1177 2675 voluerlllt

58 2691 120 2756 hoc
146 2691 317 2773 attendere,
344 2693 400 2778 qui
421 2703 528 2776 partes
553 2693 587 2754 in
612 2641 795 2757 dominibus
821 2694 976 2776 fecerunt,
1000 2704 1036 2758 ut
1056 2695 1178 2759 faciunt

59 2775 241 2841 scindentes
264 2777 416 2839 unitatem
440 2775 604 2857 ecclesiae,
627 2774 720 2874 quale
742 2774 900 2860 flagitium
924 2779 1082 2843 scismatis
1105 2799 1178 2841 con-

58 2869 122 2924 stat
143 2860 276 2944 gravius
299 2881 368 2924 esse
391 2881 488 2945 quam
510 2858 613 2923 scelus
633 2857 808 2942 rdolatriae,
831 2864 984 2948 quoniam
1008 2862 1124 2948 legitur
1145 2863 1177 2924 in

59 2944 170 3008 Veteri
185 2943 390 3009 Testamento
411 2941 560 3008 idolatria
574 2942 681 3027 gladio
703 2944 817 3027 punita
832 2969 911 3024 esse,
934 2948 1050 3010 scisma
1072 2956 1178 3016 autern
1230 3018 1255 3026 -

59 3028 150 3092 hiatu
172 3038 284 3093 terrae.
320 3027 527 3111 Quapropter
548 3027 762 3092 necessarium
785 3028 938 3094 duximus
961 3029 1102 3095 scribere
1124 3027 1179 3094 ali·
1291 3027 1295 3037 ’

59 3134 125 3198 qua
140 3112 180 3177 de
194 3120 280 3175 statu
299 3110 393 3174 huius
408 3112 560 3196 temporis
582 3110 746 3192 ecclesiae,
770 3114 854 3198 quia,
877 3115 1023 3213 quisquis
1046 3113 1181 3179 senserit

60 3220 96 3262 se
124 3217 193 3261 csse
221 3196 306 3259 intra
332 3202 476 3258 materna
496 3196 621 3260 viscera
647 3195 750 3279 ipsius
779 3195 943 3276 ccclesiae,
969 3219 1033 3261 non
1064 3198 1181 3283 poterit

59 3281 99 3362 ei,
124 3279 252 3365 quando
274 3276 420 3359 doluerit,
442 3300 506 3343 non
529 3277 706 3348 condolere.
749 3280 817 3345 Diu
845 3282 930 3346 enim
952 3291 1009 3364 est,
1039 3281 1124 3368 quod
1147 3284 1180 3343 in

59 3386 160 3448 reguo
188 3363 325 3427 Romani
353 3363 481 3447 imperii
506 3361 590 3427 bella
617 3361 736 3448 ubique
771 3374 803 3428 et
829 3364 1002 3431 seditiones
1031 3375 1179 3450 aguntur,

60 3448 149 3534 quod
175 3446 233 3510 filii
260 3467 280 3509 a
311 3448 421 3509 matris
452 3444 606 3511 ecclcsiae
633 3448 755 3532 gremio
783 3448 1013 3531 distrahuntur;
1047 3458 1079 3513 et
1106 3470 1179 3511 cum

60 3539 193 3617 superet
220 3531 253 3593 in
280 3529 426 3617 plurimis
456 3528 625 3611 discordia,
655 3532 712 3595 vix
736 3532 771 3594 in
820 3535 909 3596 aucis
930 3534 1085 3597 remansit
1106 3552 1180 3595 con-

59 3615 181 3696 cordia,
209 3636 269 3762 per
295 3635 393 3699 quam
422 3614 532 3678 unitur
560 3623 591 3678 et
619 3615 765 3680 consistit
786 3556 906 3682 &bristi
928 3616 1073 3694 ecclesia,
1102 3637 1179 3702 quo-

58 3702 148 3764 niam
177 3700 211 3762 in
235 3720 252 3762 c
278 3698 428 3762 dicuntur
455 3698 615 3778 scismata,
646 3698 732 3784 quod
754 3699 859 3764 divisa
881 3710 955 3765 sunt
976 3699 1083 3780 corda,
1106 3721 1179 3762 cum

60 3785 218 3869 scriptum
247 3782 298 3862 sit,
326 3780 413 3868 quod
433 3780 646 3846 multitudinis
668 3783 866 3848 credentium
887 3784 983 3848 fuerit
1004 3805 1059 3847 cor
1080 3804 1180 3846 unum
1190 3804 1240 3846 aa.
1249 3805 1313 3856 usa.

60 3878 94 3934 et
116 3867 224 3930 anima
245 3888 319 3936 una,
365 3864 431 3930 Sed
452 3864 545 3928 huius
568 3865 748 3931 discordiae
775 3867 876 3932 fornes
898 3878 930 3931 et
949 3869 1180 3932 nutrimentum

1185 2185 1325 2243 rourum.

1232 2245 1267 2285 aa.

61 4037 86 4091 s)
103 4043 126 4079 et
141 4039 273 4090 schismata,
289 4038 351 4086 quod
366 4037 410 4078 tuit
424 4038 487 4077 inter
501 4037 627 4077 Hernicum
643 4040 758 4089 quartum,
774 4038 830 4086 imp.
839 4037 904 4078 Rom.
922 4040 945 4076 et
961 4035 1098 4085 aragonum
1114 4035 1182 4085 septi·

61 4109 126 4139 mum
141 4101 206 4148 pont.
216 4097 405 4138 max.cuiusdsm
421 4097 470 4136 etus
486 4097 597 4145 temporis
612 4096 715 4145 theologi
730 4096 798 4146 liber,
815 4096 843 4136 ab
859 4097 961 4136 Huttcno
976 4097 1084 4135 inventus
1100 4095 1151 4134 add.
1161 4096 1182 4135 1.

64 4232 91 4294 1)
112 4229 256 4294 Augustini
280 4230 309 4278 in
327 4228 455 4278 Iohannis
475 4243 571 4293 euang.
599 4244 622 4279 c.
641 4229 668 4279 3.
693 4233 799 4280 tractat.
818 4228 860 4291 12,
891 4228 981 4294 Opere
1005 4227 1047 4278 ed.
1072 4224 1182 4287 Bened,

62 4305 150 4377 ljaris.
173 4300 251 4362 1680,
270 4301 324 4364 III,
345 4302 371 4366 2,
390 4319 417 4367 p.
438 4299 499 4352 387.

937 4384 949 4429 1
