2812 4830
487 352 703 406 PRAEFATIO.
1092 354 1159 405 XXI

39 523 86 586 ad
101 545 199 608 quam
215 522 254 585 ab
271 520 327 585 itta
343 543 504 606 anonpmo
518 521 745 604 respondetur,
762 521 888 604 scripta
903 530 949 586 est
964 543 1052 585 anno
1065 521 1158 602 1089,

38 608 76 670 in
99 629 165 692 qua
188 628 209 669 a
232 609 301 669 itur
322 605 362 670 de
384 607 510 752 spnodo
538 605 652 668 tabita
673 606 797 669 Romae
821 603 912 669 1089.
942 614 972 669 et
1000 628 1084 691 quae
1106 628 1158 669 eu-

367 691 377 710 '
583 699 592 732 l

40 699 104 754 Stat
123 713 207 839 liele
233 691 268 837 hd
286 689 426 857 Jdbffpiite’
444 688 626 836 Ilbmlbibri
661 772 706 852 II,
744 771 860 836 relicta
898 794 933 837 re
997 775 1156 857 reposita,

60 860 97 922 ui
116 880 162 942 pe
178 859 337 943 adquam
354 857 537 939 disputatio
554 855 632 919 solis
651 855 947 939 capitanatae
983 858 1012 921 5.
1037 857 1158 938 redeat,

37 881 243 1006 ldabtramus
273 964 341 1005 non
372 949 439 1003 tam
468 939 639 1024 epistulam
671 941 856 1025 impupnat,
891 962 988 1024 quam
1021 951 1160 1005 enarrat

37 1047 147 1090 omnes
175 1047 230 1088 res
258 1025 298 1089 ab
321 1026 366 1089 iis
386 1024 424 1088 in
446 1023 602 1088 Souania
623 1033 741 1109 pastas,
765 1025 822 1108 qui
843 1047 979 1089 causam
1002 1023 1160 1125 Greporii

36 1131 107 1173 non
132 1108 238 1173 solum
266 1107 505 1192 defendendam
535 1117 757 1190 susceperant,
785 1109 842 1172 ssd
873 1109 969 1172 etiam
989 1112 1159 1192 principes

35 1194 110 1257 eius
120 1195 273 1277 partium
291 1194 490 1256 sustiterunt.
523 1189 649 1264 Quibus
665 1191 812 1255 omnibus
826 1191 923 1255 rebus
938 1192 1159 1257 describendis

39 1298 242 1362 quamquam
270 1276 306 1340 id
326 1275 428 1340 solum
451 1276 523 1361 apit
550 1275 760 1356 Waltramus,
783 1285 819 1338 ut
842 1276 1042 1355 demonstret,
1064 1298 1158 1340 suam

37 1369 136 1444 atque
150 1382 285 1424 suorum
299 1382 435 1424 causam
456 1361 579 1424 iustam
601 1382 677 1440 esse,
701 1361 966 1424 aduersariorum
988 1362 1159 1442 iniustam,

36 1453 146 1507 tamen
162 1465 270 1508 omnes
285 1465 347 1526 res,
370 1467 455 1529 quae
476 1446 569 1508 intra
585 1465 693 1508 annos
710 1443 929 1508 losa-1090.
951 1443 1158 1530 parabantur,

36 1535 106 1589 tam
135 1537 286 1592 acmrate
314 1536 343 1590 et
371 1537 438 1591 tam
465 1529 660 1612 incorrupto
686 1528 814 1593 iudicio
842 1529 1016 1592 memoriae
1044 1529 1159 1609 tradit,

35 1620 74 1673 ut
96 1611 243 1676 omnibns
265 1615 336 1676 eius
367 1612 471 1676 verbis
493 1612 596 1695 fidem
624 1612 741 1676 babere
764 1614 942 1696 possimus,
972 1635 1030 1676 nec
1049 1611 1158 1697 facile

35 1697 255 1778 inveniamus,
278 1696 367 1759 uude
387 1696 502 1760 metius
525 1696 564 1759 de
586 1695 653 1760 iltis
676 1699 777 1760 annis
793 1697 976 1761 doceamur.
1008 1696 1158 1783 Lonpum

36 1787 67 1842 et
88 1801 154 1843 non
176 1781 399 1845 necessarium
421 1788 477 1862 est,
498 1780 558 1843 boc
576 1780 646 1844 ioco
668 1801 840 1863 euponere,
862 1803 945 1865 quae
960 1781 1000 1844 de
1014 1781 1158 1864 sinpulis

35 1861 116 1926 locis
138 1864 281 1927 dicenda
302 1872 389 1944 sunt,
410 1886 489 1927 nam
511 1863 647 1963 simpuio
672 1865 710 1926 in
732 1885 792 1926 suo
814 1886 959 1949 quaeque
981 1864 1050 1928 ioco
1073 1886 1156 1928 com·
1207 1913 1212 1920 .

34 1949 215 2010 memorari
241 1956 270 2011 et
297 1950 334 2010 in
364 1947 634 2010 annotationibus
660 1947 742 2010 dini.
786 1947 879 2011 Satis
899 1949 943 2010 sit
964 1947 1016 2011 bic
1039 1948 1156 2028 dicere,

42 2029 256 2094 Waltramum
281 2032 429 2094 munima
451 2030 522 2113 fide
550 2030 696 2111 scribere,
725 2031 794 2094 nisi
820 2030 909 2115 quod
930 2031 969 2093 de
991 2032 1156 2116 Hartoipo

36 2113 288 2199 archiepiscopo
316 2113 607 2199 Mapdeburpsnsi,
634 2115 736 2179 nimio
765 2114 839 2180 odio
860 2117 1014 2179 incensus
1035 2123 1065 2178 et
1086 2117 1156 2178 eius

35 2218 165 2262 morum
186 2199 372 2262 sinceritate
386 2219 512 2283 parum
526 2197 678 2279 confisus,
700 2198 866 2262 nonnulla
887 2198 1000 2278 tradit,
1023 2220 1107 2283 quae
1127 2207 1157 2262 et

37 2304 144 2345 secum
166 2284 245 2367 ipsa
266 2290 389 2346 etcum
411 2283 560 2347 amnibus
582 2281 660 2353 aliis
681 2282 898 2365 scriptoribus
924 2282 1016 2346 illius
1040 2284 1157 2346 aetatis

39 2471 67 2539 1)
84 2472 154 2524 Nam
171 2471 208 2541 (o.
218 2472 266 2540 22)
282 2473 362 2524 nobis
374 2477 517 2523 occurrunt
528 2477 583 2524 tres
596 2472 650 2523 loci
662 2473 690 2522 in
702 2472 752 2522 illa
764 2472 888 2540 epistula,
907 2473 944 2524 ad
958 2489 1025 2540 quos
1044 2474 1077 2524 ab
1092 2490 1155 2525 ano-

38 2561 119 2616 nymo
139 2546 211 2614 apud
228 2545 404 2598 Waltramum
425 2546 610 2613 respondetur.
646 2547 782 2612 Scriptum
802 2548 872 2597 enim
891 2546 1005 2612 legimus
1025 2545 1109 2613 (Jafft
1122 2549 1155 2610 V,

37 2638 65 2687 p.
86 2619 166 2686 1oo):
185 2620 260 2670 illam
278 2635 442 2686 spnapapam
461 2624 573 2670 satanae
593 2618 630 2669 ad
647 2619 812 2670 reddendam
829 2618 971 2685 impietatis
990 2636 1056 2671 suae
1074 2620 1156 2672 ratio·

36 2712 99 2747 nem
117 2693 211 2744 litteris
230 2700 254 2745 et
271 2693 374 2744 nuntiis
393 2692 430 2743 ad
448 2693 579 2758 synodum
598 2693 797 2744 convocavimus
803 2710 812 2753 ,·
839 2699 866 2743 et
889 2693 960 2760 apud
979 2693 1155 2746 Waltramum

38 2767 88 2834 (11,
108 2765 136 2832 2)
162 2768 247 2818 verba
264 2767 406 2831 anonymi:
436 2763 560 2816 Sedmon
575 2765 848 2830 praetemnittendum,
871 2766 942 2831 quod
965 2766 1110 2834 Wipbertus
1129 2784 1156 2818 se

37 2857 144 2893 serumn
168 2856 304 2890 seruorum
322 2838 376 2890 Dei
398 2838 519 2889 nominat
543 2838 700 2903 mentiendo,
725 2847 845 2889 sanctam
868 2856 929 2890 vcro
947 2848 1058 2890 matrem
1077 2841 1156 2891 eccle·

37 2912 108 2965 mam
128 2952 134 2965 .
155 2949 162 2964 .
183 2950 190 2964 .
211 2920 324 2964 satanae
352 2927 516 2979 spnapopam
544 2912 669 2976 appellat.
708 2913 779 2963 Item
807 2913 834 2962 in
864 2912 980 2979 epistula
1009 2912 1156 2964 Clementis

36 2988 155 3052 legimus
181 2984 261 3048 (Jafft
277 2986 310 3046 V,
330 3002 355 3052 p.
375 2983 452 3049 147):
481 2982 583 3034 Dicunt
601 2983 671 3034 enim
690 2982 871 3052 (adversarii),
891 2994 1084 3036 samamsntum
1104 3003 1158 3037 cor·

36 3058 115 3126 paris
142 3066 166 3110 et
184 3058 325 3126 sanquinis
344 3056 445 3109 domini
462 3057 547 3108 nostri
565 3057 630 3108 Iesu
649 3055 754 3122 curuis,
773 3058 980 3110 consecrationes
999 3059 1156 3122 chrismatis,

36 3133 117 3184 immo
136 3148 315 3197 quaecumque
334 3130 371 3181 ad
389 3129 538 3196 episcopale
557 3137 582 3180 et
599 3131 762 3182 sacerdotale
781 3131 896 3194 officium
910 3128 1055 3196 pertinent,
1075 3133 1157 3182 abiis

37 3206 86 3273 qui
104 3213 189 3257 sectae
209 3221 299 3256 eorum
316 3221 371 3255 non
390 3203 581 3254 communicant
600 3204 738 3266 celebrata,
762 3204 840 3254 nulia
858 3220 972 3269 prorsus
995 3221 1049 3256 esse
1067 3222 1158 3256 sacra·

36 3287 128 3331 menta
146 3287 171 3330 et
189 3276 258 3330 nibil
275 3277 352 3329 atiud
371 3275 573 3342 suscipientibus
591 3275 645 3327 nisi
663 3277 860 3328 damnationem
879 3277 1013 3344 conferre,·
1038 3286 1066 3330 et
1088 3280 1159 3328 infra

37 3350 77 3420 (p.
97 3352 177 3416 148):
198 3389 248 3403 ...
267 3350 363 3416 quibus
380 3349 519 3415 mmiifeste
538 3350 701 3413 declaratur,
721 3368 775 3401 nan
794 3351 878 3401 solum
898 3351 973 3416 apud
990 3368 1047 3413 nos,
1066 3369 1159 3403 uerum

37 3426 119 3478 etiam
144 3426 219 3492 apud
245 3422 423 3475 schismaticos
448 3431 472 3474 et
497 3423 641 3474 haereticos
667 3423 732 3474 baec
755 3423 845 3475 omnia
870 3440 925 3474 esse
948 3432 1011 3474 rata
1035 3441 1083 3476 nec
1101 3426 1158 3475 ulla

37 3514 159 3564 iniquam
177 3498 280 3549 ratione
298 3496 438 3558 itermsda,·
458 3502 485 3547 et
502 3497 572 3546 iufra
591 3497 629 3562 (p.
644 3494 708 3563 150)
728 3498 806 3548 affert
824 3496 949 3549 Clemens
968 3499 1052 3549 verba
1067 3501 1158 3563 Augu·

37 3574 118 3625 atini:
137 3571 176 3622 ita
189 3587 250 3639 erpo
262 3586 309 3622 nec
315 3569 389 3636 foris
404 3567 472 3620 sicut
490 3585 538 3620 nec
549 3566 621 3619 intus
634 3568 783 3635 quisquam,
798 3568 845 3636 qui
860 3579 981 3635 exparte
994 3568 1096 3622 diaboii
1111 3579 1157 3635 est,

33 3651 122 3712 potest
140 3645 183 3697 od
200 3644 230 3695 in
248 3660 275 3696 se
293 3644 336 3695 uel
352 3643 382 3693 in
393 3658 526 3708 quoquam
541 3644 676 3693 maculare
689 3651 892 3707 sacramentum,
912 3644 982 3708 quod
996 3642 1093 3694 Christi
1112 3653 1158 3695 est.

37 3719 102 3770 Huc
117 3723 224 3785 spectat
235 3716 307 3784 quod
320 3716 392 3783 apud
402 3716 577 3767 Waltramum
590 3713 641 3782 (ΙΙ,
651 3712 681 3781 4)
694 3719 822 3783 scriptum
835 3717 999 3768 invenimus:
1017 3715 1159 3769 Sciendmn

40 3799 138 3855 auten,
163 3791 234 3856 quod
256 3789 398 3857 Wipbertus
424 3787 513 3856 arpait
531 3788 671 3841 catholicos
697 3806 823 3852 asserere,
842 3789 891 3840 illa
910 3806 978 3855 quae
989 3791 1063 3856 flunt
1082 3799 1159 3842 entra

40 3862 176 3917 emlesiam
199 3868 367 3915 sacramenta
389 3879 444 3913 non
462 3878 517 3913 esse
535 3879 583 3913 nec
602 3863 720 3928 aliquam
739 3863 937 3914 damnationem
955 3861 1079 3928 cuiquam
1098 3880 1158 3915 con·

33 3939 112 4004 serre
132 3976 138 3988 .
160 3973 167 3988 .
187 3975 194 3989 .
216 3973 223 3986 .
243 3935 404 4001 assumitque
429 3935 459 3986 in
483 3934 659 3986 testimonium
682 3936 833 3987 assertionis
852 3952 918 3986 suae
937 3933 1082 4001 Aupustini
1100 3953 1158 3987 sen·

41 4009 159 4063 tentiam.
188 4011 313 4076 Denique
332 4010 410 4059 affert
427 4009 595 4060 adversarius
609 4008 757 4060 Clementis
777 4009 850 4075 apud
860 4008 1035 4060 Waltrnmum
1050 4010 1100 4076 (ΙΙ,
1112 4009 1157 4073 12)

40 4086 125 4136 verba
144 4085 292 4150 wigberti:
319 4090 373 4132 tam
396 4082 426 4132 iu
450 4081 544 4132 Italico
570 4097 651 4146 quarn
674 4081 832 4133 Tbeutonioo
855 4097 936 4148 rayno
953 4082 1018 4148 fieri
1034 4083 1158 4147 rapinas,

40 4154 176 4220 incendia,
201 4154 390 4208 destructiones
413 4154 589 4218 summarum,
613 4155 726 4222 pemitus
750 4162 774 4206 et
796 4153 916 4220 suspitia
935 4155 1116 4220 orphanorum
1134 4162 1159 4204 et

40 4230 195 4282 cidamum.
233 4228 337 4280 Eadem
357 4228 441 4279 verba
463 4228 542 4278 uobis
561 4235 703 4280 occurrunt
726 4229 755 4278 iu
774 4228 891 4296 epistula
910 4227 1056 4279 Clementis
1076 4226 1158 4294 (Jaffe

42 4304 76 4365 V,
95 4321 122 4371 p.
144 4303 219 4370 151).
