2812 4830
235 343 268 392 18
416 342 467 392 DE
488 341 646 392 UNITATE
666 337 870 389 ECCLESIAE
890 336 1167 390 CONSERVANDA.

257 530 328 574 osse
356 508 517 594 simplices
544 507 678 572 fratrum
700 506 823 570 animos
852 504 894 569 ad
921 504 1063 569 studium
1088 506 1252 572 scismatis
1283 529 1351 572 con-

232 532 371 673 hrmare,
400 614 483 678 quae
513 594 608 657 etiam
637 602 774 676 possunt
797 612 855 654 nos
877 591 965 675 ipsos
987 590 1063 654 inde
1089 591 1273 657 scribentes
1300 602 1351 656 aut

233 674 311 741 alios
340 677 482 762 legentes
508 677 541 740 in
568 677 688 741 bonum
719 674 900 753 aedificare,
955 675 999 754 ui,
1021 673 1097 737 dum
1131 678 1349 741 convertimus

233 759 374 825 studium
404 771 545 826 nostrum
575 760 616 823 ad
643 759 859 844 cognitionem
887 695 1123 822 ecdlesiasticae
1151 759 1350 847 disciplinae,

232 843 439 930 intelligimus
466 867 543 910 sane
571 866 630 931 per
649 845 833 908 unctionem
861 841 972 906 Sancti
995 841 1143 927 Spiritus,
1171 847 1231 930 qui
1262 845 1350 911 docet

231 950 291 993 nos
312 929 353 995 de
374 929 533 1012 omnibus,
554 927 716 1014 quomodo
739 936 885 1013 oporteat
904 949 965 991 nos
988 928 1170 991 conversari
1198 929 1233 992 in
1257 930 1348 996 domo

231 1014 304 1094 Dei,
328 1036 410 1099 quae
429 1023 476 1079 est
491 1012 625 1079 ecclesia
640 1012 703 1076 Dei
721 1013 868 1093 viventis,
891 1010 1039 1074 columna
1060 1021 1091 1076 et
1112 1011 1348 1079 firmamentum

230 1099 386 1162 veritatis.

314 1181 344 1245 9.
380 1183 542 1267 Scriptum
558 1191 606 1245 est
620 1181 705 1245 enim
715 1193 735 1261 ¹,
751 1179 837 1265 quod
851 1178 1056 1243 Innocentius
1071 1199 1158 1264 papa
1172 1179 1349 1247 Arcadium

229 1265 455 1350 imperatorem
472 1265 806 1344 excommunicaverit,
829 1284 866 1326 eo
877 1262 969 1410 <puod
983 1264 1017 1326 in
1032 1264 1235 1348 depositione
1250 1268 1350 1332 sancti

230 1349 384 1414 Iohannis
418 1350 564 1435 episcopi
599 1348 808 1428 consenserit,
841 1369 875 1411 se
935 1347 1021 1411 unde
1052 1347 1115 1412 hoc
1146 1362 1350 1438 assumptum

228 1433 281 1514 sit,
303 1456 361 1498 nos
384 1433 514 1520 quidem
535 1432 641 1496 adhuc
662 1433 820 1496 incertum
840 1441 995 1512 tenemus,
1017 1432 1073 1496 sed
1094 1431 1157 1497 hoc
1172 1455 1243 1580 ,pro
1267 1445 1349 1501 certo

230 1518 396 1599 novimus,
429 1517 515 1616 quod
548 1537 608 1582 nec
639 1516 673 1579 in
701 1517 800 1601 gestis
828 1516 1047 1579 Romanorum
1078 1519 1170 1600 ponti

1195 1539 1274 1583 cum
1307 1543 1349 1584 m·

231 1601 367 1683 venitur,
394 1600 451 1665 ub1
478 1611 568 1687 gesta
595 1602 716 1685 pariter
744 1599 888 1665 eiusdem
910 1599 1088 1664 Innocentii
1115 1600 1350 1687 describuntur,

230 1706 293 1748 nec
325 1686 359 1749 in
389 1685 471 1749 libro
504 1686 705 1750 decretorum
738 1687 806 1748 eius
837 1683 1003 1769 reperitur,
1030 1706 1090 1748 nec
1119 1685 1152 1747 in
1176 1685 1350 1773 Tripertita

231 1767 373 1851 historia,
401 1769 458 1833 ubi
486 1769 677 1856 plusquam
706 1768 781 1831 alibi
802 1766 940 1852 legimus
965 1767 1006 1830 de
1027 1767 1111 1831 illius
1138 1768 1349 1855 depositionis

231 1855 396 1918 sententia.
444 1855 660 1919 Veruntamen
682 1853 827 1938 episcopi
849 1853 904 1937 qui
925 1852 1031 1936 ipsum
1052 1852 1232 1918 Iohannem
1257 1855 1349 1942 depo·

231 1948 361 2003 suerant
382 1937 527 2002 catholici
550 1947 656 2020 erant,
678 1936 763 2000 unde
780 1935 949 2001 Gelasius²
971 1957 1057 2021 papa
1078 1937 1112 1998 in
1132 1935 1216 2002 libro
1241 1952 1348 2005 contra

229 2021 371 2087 fautores
404 2022 533 2108 Agathi,
564 2023 622 2087 ubi
655 2019 774 2102 scribit,
808 2018 896 2106 quod
927 2018 1102 2105 apostolica
1135 2021 1230 2086 sedes
1265 2046 1349 2089 more

230 2107 398 2188 maiorum,
427 2107 523 2171 etiam
558 2107 627 2169 sine
656 2103 719 2168 ulla
752 2105 874 2190 synodo
906 2103 1128 2188 praecedente,
1161 2107 1349 2173 exsolvendi

230 2211 310 2274 quos
337 2190 479 2275 synodus
508 2191 619 2275 iniqua
650 2190 865 2270 damnaverat,
900 2195 932 2251 et
957 2187 1139 2269 damnandi,
1173 2190 1265 2256 nulla
1298 2216 1348 2256 ex·

229 2273 344 2339 istente
372 2273 506 2357 synodo,
535 2294 615 2358 quos
645 2273 794 2357 oportuit,
822 2270 954 2337 haberet
985 2271 1178 2336 facultatem.
1224 2290 1346 2353 Sanctae,

230 2357 344 2442 inquit,
372 2373 510 2422 Romanae
537 2370 677 2422 memoriae
706 2370 852 2421 Iohannem
882 2371 1202 2436 Constantinopolitanam
1230 2374 1347 2439 synadae

231 2445 310 2497 etiam
329 2444 514 2497 catholicarum
530 2445 686 2509 praeculum
706 2452 772 2495 certe
791 2445 975 2507 damnaverat,
1002 2461 1077 2509 qaam
1102 2445 1176 2495 aedes
1204 2448 1348 2511 apostolica

231 2529 310 2579 etiam
334 2529 399 2590 sola,
426 2527 490 2591 qaia
513 2540 566 2576 non
592 2525 728 2587 consentit,
753 2526 871 2578 absoluit.
911 2512 1039 2574 Diestur
1060 2522 1167 2576 autem
1188 2513 1348 2579 Arcadius

230 2597 405 2680 imperator
431 2595 726 2658 excommunicatus
757 2594 866 2674 fuisse,
900 2616 937 2659 eo
967 2596 1053 2680 quod
1087 2600 1288 2663 consenserit
1318 2599 1350 2660 in

231 2680 317 2744 beati
348 2677 499 2742 Iohannis
532 2679 675 2764 episcopi
708 2677 747 2741 de
773 2679 951 2743 ositionem.
996 2678 1061 2743 Sed
1094 2683 1242 2764 quamvis
1277 2682 1349 2768 'pari

80 2790 221 2841 nomana.
232 2763 389 2828 sententia
418 2763 616 2846 constringat
643 2701 805 2847 apostolus
834 2784 899 2845 eos,
926 2765 980 2847 qui
1001 2761 1123 2829 faciunt
1144 2773 1176 2828 et
1198 2767 1256 2852 qui
1278 2787 1349 2830 con-

230 2848 372 2912 sentiunt
393 2845 593 2928 facientibuS,
622 2856 729 2911 tamen
744 2848 834 2910 iuxta
848 2845 1021 2909 humanam
1042 2849 1198 2912 rationem
1221 2849 1350 2915 levioris

252 2930 466 2996 uodammodo
500 2930 614 3016 culpae
649 2940 698 2994 est
730 2933 786 3016 qui
818 2932 1022 3012 consenserit,
1053 2954 1148 3018 quam
1180 2936 1237 3019 qui
1262 2934 1349 2999 facit.

229 2953 274 3081 ht
291 3037 365 3080 cum
379 3013 424 3078 illi
444 3016 607 3100 praesules
631 3016 685 3100 qui
707 3017 923 3100 deposuerunt
942 3016 1142 3101 praedictum
1164 3019 1348 3101 pontificem

229 3102 293 3165 sint
318 3099 413 3185 plane
442 3099 590 3164 catholici
618 3101 709 3162 iuxta
739 3101 928 3164 sententiam
958 3101 1060 3164 sancti
1088 3122 1192 3184 papae
1216 3100 1349 3184 Gelasii,

229 3183 363 3272 qualiter
398 3184 556 3248 Arcadius
596 3185 770 3268 imperator
806 3185 1005 3248 consentiens
1044 3184 1238 3249 facientibus
1280 3187 1350 3271 ipse

228 3271 344 3334 meruit
365 3267 546 3352 specialiter
568 3267 842 3331 excommunicari
863 3267 913 3330 vel
928 3267 1098 3331 damnari?
1131 3267 1226 3333 Certe
1248 3273 1350 3336 multa

229 3364 303 3418 sunt
335 3351 466 3416 Arcadii
502 3352 704 3434 imperatoris
736 3351 906 3436 privilegia
938 3374 1020 3436 quae
1052 3353 1117 3415 reci
1142 3353 1167 3415 it
1200 3354 1347 3436 ecclesia,

228 3446 339 3523 utpote
361 3434 423 3499 sibi
437 3433 531 3498 valde
546 3435 734 3516 necessaria,
756 3435 839 3498 sicut
859 3444 992 3500 testatur
1005 3434 1088 3500 liber
1102 3374 1349 3503 cliristianorum

228 3523 458 3606 imperatorum
486 3517 527 3582 de
554 3517 617 3583 fide
646 3516 810 3600 catholica,
840 3519 976 3604 ideoque
997 3541 1062 3584 non
1083 3519 1210 3605 repellit
1231 3545 1308 3586 eum
1330 3545 1349 3586 a

230 3604 453 3668 communione
466 3624 533 3666 sua.
563 3602 754 3667 Constituit³
765 3625 903 3689 namque
919 3624 991 3666 cum
1006 3604 1102 3668 fratre
1117 3626 1174 3668 suo
1191 3605 1348 3688 Honorio,

230 3687 429 3773 supplicante
450 3684 595 3768 ecclesia,
618 3695 661 3768 ut,
682 3710 894 3772 quaecunque
913 3711 934 3751 a
948 3690 1144 3771 parentibus
1162 3693 1235 3754 ania
1250 3694 1348 3775 impe-

229 3772 397 3836 ratoribus
419 3771 612 3835 christiania
637 3781 759 3835 statuta
781 3782 858 3835 eant
878 3773 1017 3837 diversis
1039 3774 1235 3857 temporibus
1258 3778 1348 3839 cirea

230 3864 460 3920 sacrosanctas
482 3853 641 3936 ecclesiae,
663 3867 818 3920 maneant
838 3856 1000 3922 inviolata
1026 3867 1120 3942 atque
1141 3859 1346 3941 incorrupta,

234 4065 260 4126 1)
281 4065 378 4131 Spurio
399 4063 514 4128 epistula
532 4064 685 4114 Innocentii
703 4065 725 4114 I.
746 4081 790 4130 ap.
810 4066 990 4132 Nicephorum
1011 4067 1162 4132 Callistum,
1181 4069 1253 4120 Hist.
1276 4069 1345 4121 eccl.

231 4139 311 4200 XIII,
331 4139 380 4198 343
412 4137 549 4197 Constant,
576 4139 653 4203 epist.
678 4143 752 4203 pont.
777 4140 853 4190 Rom.
879 4139 949 4206 App.
978 4157 1006 4206 p.
1026 4140 1089 4191 905.
1165 4142 1195 4205 2)
1221 4143 1346 4208 Epistula

231 4211 334 4262 Celasii
353 4225 439 4276 papae
460 4211 494 4260 ad
514 4211 655 4277 episcopos
674 4212 839 4275 Dardaniae,
864 4213 942 4263 'Phlel
965 4213 983 4263 l.
1004 4230 1027 4264 c.
1051 4215 1074 4276 I,
1098 4231 1125 4280 p.
1145 4216 1208 4265 392.
1234 4221 1262 4266 et
1282 4217 1346 4266 400.

232 4285 258 4349 3)
280 4283 372 4334 Codex
391 4284 593 4335 Theudosianas
614 4284 656 4334 ed.
676 4284 791 4348 Haenel,
810 4284 829 4335 l.
850 4286 922 4347 XVI,
942 4288 982 4338 tit.
1002 4287 1041 4349 II,
1061 4287 1105 4338 lex
1125 4288 1168 4339 32.
