2812 4830
260 368 312 419 DE
330 366 488 420 UNITATE
508 366 713 420 sccuuslsu
735 367 1013 421 CONSERVANDA.
1162 367 1198 417 87

68 549 209 603 catholicis
233 549 347 603 eecksiis
373 550 480 603 ultionis
506 560 608 604 vestrae
623 552 787 618 praebeatur
806 553 960 618 cuempiam.
998 535 1090 600 Haeo
1113 545 1201 600 cerie

68 618 188 684 scribit
209 628 303 704 pater
324 627 434 682 noster
456 617 634 704 Gregorius
661 631 773 684 contra
800 619 1075 704 praevaricatores
1098 621 1198 688 eecle-

68 703 224 768 siastieae
246 699 448 788 disciplinae,
472 725 555 789 quae
577 702 725 769 defensor
747 703 799 768 ille
820 704 960 789 partium
982 707 1033 769 sui
1049 706 1199 793 Gregorii

67 785 251 851 introducit
271 785 314 850 ad
337 785 564 851 destruendum
586 789 800 853 sacerdotium
823 788 1011 854 universalis
1034 790 1198 877 eeclesiae,

70 892 158 957 quae
181 870 399 936 communicat
420 871 488 936 sedi
510 871 714 958 apostolieae.
750 872 893 957 Ideoque
914 873 1111 959 interpositis
1131 881 1199 963 qui-

68 954 213 1020 busdam
235 955 374 1040 scriptis,
420 953 514 1020 uibus
530 968 664 1022 conatur
683 956 860 1037 ostendere,
883 956 962 1021 nihil
982 960 1045 1022 nisi
1066 960 1108 1024 ad
1124 983 1199 1027 con-

69 1037 315 1104 demnationem
330 976 419 1124 apud
434 1061 493 1103 nos
507 1039 614 1105 valere
630 1040 750 1106 Christi
772 1051 804 1106 et
818 1039 972 1106 eeclesiae
987 1058 1198 1129 sacramenta,

81 1124 160 1190 'uae
189 1131 265 1187 sunt
290 1120 453 1208 baptisma
480 1134 513 1188 et
534 1126 673 1190 chrisma
694 1135 792 1212 atque
813 1127 958 1210 corporis
980 1139 1012 1190 et
1033 1130 1198 1214 sanguinis

106 1208 212 1272 omini
233 1208 396 1292 mysteria,
418 1217 492 1293 post
513 1207 593 1273 haec
614 1210 781 1295 subiungit
802 1210 909 1274 adhuc
936 1208 976 1274 de
998 1214 1198 1279 ordinatione

70 1292 296 1357 testimonium
323 1290 408 1356 beati
439 1293 615 1377 Augustini
626 1308 647 1375 ¹,
676 1316 758 1380 quae
788 1294 907 1359 seilicet
936 1294 1095 1362 ordinatio
1118 1297 1199 1363 solet

70 1398 134 1462 per
166 1398 281 1440 manus
308 1376 547 1461 impositionem
578 1379 656 1443 fieri.
701 1393 866 1461 (torpor-atta,
885 1378 999 1464 inquit,
1021 1405 1197 1462 nucamenta,

69 1484 144 1533 quae
152 1474 266 1532 portant
279 1474 302 1518 et
313 1465 445 1518 celebrant
455 1466 533 1519 etiam
545 1469 673 1536 sepreqati
684 1468 718 1519 ab
730 1469 831 1520 unitate
842 1469 959 1534 corporis
969 1467 1198 1535 Obristi,forrnam

65 1547 187 1607 possunt
208 1540 330 1592 exhibere
336 1540 456 1606 pietatis,
472 1541 557 1592 uirtus
574 1559 635 1594 uero
649 1541 759 1607 pietatis
773 1540 915 1593 invisibilis
935 1549 958 1594 et
971 1542 1100 1608 spiritalis
1114 1544 1155 1594 ita
1167 1543 1198 1594 in

70 1613 111 1666 eis
126 1631 182 1665 non
192 1620 280 1679 potest
295 1630 359 1677 esse,
375 1615 597 1679 quemadmodum
615 1631 707 1666 sensus
722 1616 902 1680 consequitur
917 1615 1029 1666 bominis
1045 1616 1197 1680 membrum,

69 1689 184 1754 quamdo
212 1695 368 1753 amputatur
389 1703 407 1737 a
428 1705 544 1753 corpore.
584 1689 678 1756 Ιῢνςο2
697 1688 768 1754 quod
790 1687 819 1738 in
838 1688 957 1740 amnibus
975 1688 1097 1740 membris
1117 1690 1198 1740 unius

71 1762 194 1827 carparis
218 1761 273 1827 apii
291 1760 391 1823 anima,
415 1761 462 1811 boc
485 1762 539 1828 apit
557 1760 676 1827 Spiritus
695 1769 802 1813 sanctus
821 1760 851 1812 in
876 1769 931 1813 tata
950 1761 1064 1813 eeclesia.
1112 1763 1198 1814 Unum

69 1835 174 1901 quippe
188 1851 283 1899 corpus
303 1841 327 1884 et
345 1850 416 1884 unus
429 1834 547 1899 spiritus,
567 1836 635 1886 sieut
654 1833 717 1886 dicit
737 1835 881 1900 apostolus.
908 1834 1020 1887 Praeter
1038 1835 1085 1886 boc
1101 1838 1329 1901 eorpusssith0424u

68 1913 159 1975 potest
171 1906 278 1973 quidem
290 1905 388 1972 aliquis
401 1907 497 1958 babere
510 1909 551 1958 uel
555 1908 624 1974 fidei
636 1909 677 1960 cel
689 1907 854 1973 baptismatis
859 1907 988 1972 formam,
998 1908 1044 1958 sed
1053 1925 1107 1958 non
1121 1909 1199 1959 babet

69 1981 165 2034 uitam.
196 1978 260 2030 Nisi
278 1978 347 2030 enim
365 1979 463 2046 spiritu
481 1980 614 2046 repeteris,
627 1980 822 2046 frustraforis
842 1981 981 2047 deforma
999 1980 1135 2048 gloriaris.
1166 1980 1199 2032 Si

67 2054 146 2120 quod
170 2053 314 2104 membrum
346 2052 375 2103 in
403 2054 518 2104 bumana
548 2071 656 2119 corpore
682 2053 857 2119 praeciditur,
886 2052 1016 2118 numquid
1042 2054 1198 2120 praecissum

71 2129 168 2178 anima
187 2125 326 2192 sequitur?
355 2123 400 2177 Sic
418 2126 493 2177 bomo
509 2120 668 2178 christianus
686 2126 752 2178 uiuit
769 2127 797 2178 in
816 2144 924 2192 carpere
937 2125 1042 2189 Christi,
1062 2142 1197 2192 quousque

70 2207 219 2261 catholicus
244 2217 289 2272 est,
310 2208 452 2274 praecisus
477 2214 564 2260 autem
584 2209 711 2261 hereticus
723 2210 818 2275 faetus
837 2218 882 2260 est.
923 2192 987 2257 Sed
1009 2192 1062 2257 ille
1084 2193 1197 2257 adver·

70 2278 178 2341 sarius
201 2285 310 2340 noster
331 2277 453 2357 scribit,
480 2298 539 2340 nes
572 2279 734 2360 praecisos
764 2299 844 2357 esse,
877 2299 911 2340 se
943 2299 1021 2341 vero
1055 2299 1196 2363 suesque

70 2361 251 2448 participes
273 2361 488 2444 permansisse
510 2361 544 2422 in
559 2361 680 2425 unitate
694 2359 885 2425 universalis
901 2361 1064 2426 ecelesiae.
1101 2361 1198 2426 Absit

69 2456 184 2510 autem
206 2466 226 2508 a
247 2444 351 2525 nobie,
374 2453 409 2509 ut
430 2466 489 2508 nos
511 2448 689 2509 exissemus
711 2446 753 2509 ab
774 2446 863 2530 ipsis,
886 2445 943 2530 sed
964 2446 1027 2530 ipsi
1049 2447 1197 2511 exierunt

70 2552 92 2592 a
114 2528 243 2593 nobis³.
288 2528 380 2593 Sicut
407 2529 492 2591 enim
520 2528 633 2593 scribit
654 2540 784 2594 sanetus
807 2539 899 2614 pater
920 2531 1141 2614 Augustinus⁴
1164 2531 1197 2594 in

69 2613 157 2677 libro
181 2613 221 2676 de
243 2633 321 2676 vera
342 2611 511 2697 religione:
533 2626 625 2678 Posset
643 2627 802 2680 scismaticos
822 2646 887 2680 area
906 2628 1039 2681 dominica
1058 2646 1140 2694 usque
1160 2630 1197 2681 ad

70 2712 178 2769 tempus
198 2702 307 2754 ultionis
325 2703 515 2754 ventilationes
534 2702 604 2751 uelut
617 2701 714 2765 paleas
734 2701 871 2765 sustinere,
890 2701 944 2753 nisi
962 2709 1037 2753 uento
1056 2701 1196 2768 superbiae

69 2779 180 2838 nimiab
196 2786 301 2837 levitate
320 2785 456 2836 cessissent
475 2794 499 2836 et
517 2800 571 2836 sese
591 2800 608 2832 a
624 2781 700 2832 nobis
718 2784 787 2835 ultro
806 2791 983 2850 separassent.
1010 2769 1093 2832 Nam
1110 2769 1197 2869 quod

71 2853 216 2940 praecisi
245 2853 308 2917 sint
335 2852 375 2917 de
404 2852 524 2916 unitate
554 2849 764 2914 ecclesiastici
786 2853 938 2935 corporis,
960 2861 1196 2938 testatur1pse,

72 2940 132 3024 qui
159 2939 194 3000 in
221 2937 285 3001 fine
313 2936 468 3023 epistolae
498 2957 584 3015 suae,
612 2933 653 2997 ad
683 2955 779 3080 ppem
807 2943 922 2998 cuncte
943 2957 1025 3020 quae
1047 2937 1198 3001 dicuntur

69 3022 179 3086 solent
205 3021 327 3103 referri,
356 3020 532 3106 profitetur,
555 3041 590 3082 se
613 3017 662 3080 sui
717 3017 834 3101 regorii
864 3026 989 3102 partem
1012 3019 1195 3085 defendere.

70 3106 171 3172 Unde
186 3106 323 3168 iterum⁵
338 3104 539 3190 Augustinus
561 3103 594 3165 in
608 3100 690 3166 libro
706 3100 746 3164 de
762 3124 838 3165 vera
859 3100 1026 3185 religione:
1050 3116 1104 3169 Sed
1122 3119 1196 3184 quta,

71 3191 191 3277 inquit,
209 3204 240 3254 in
253 3204 304 3255 bac
317 3204 450 3256 dominica
463 3220 528 3254 area
534 3219 588 3269 pro
602 3201 735 3252 uoluntate
749 3200 859 3266 quisque
874 3201 917 3252 ael
923 3201 1006 3265 palea
1021 3201 1064 3251 uei
1072 3199 1197 3264 frumen·

72 3291 131 3332 tum
156 3288 203 3342 est,
230 3286 284 3327 tam
309 3278 358 3330 diu
383 3276 527 3329 sustinetur
546 3282 685 3341 peccatum
710 3283 757 3324 aut
783 3274 1026 3335 error'cuiuslibet,
1047 3273 1130 3323 donec
1149 3280 1197 3322 aut

71 3364 257 3410 accusatorem
276 3353 395 3404 inueniat
415 3359 461 3401 aut
474 3366 592 3414 prauam
612 3346 759 3413 opinionem
773 3345 909 3413 pertinaci
928 3346 1094 3397 animositate
1106 3345 1197 3410 defm·

72 3446 131 3496 dat.
171 3437 299 3490 Teneada
313 3443 350 3486 est
369 3442 457 3486 autem
475 3433 558 3496 nobis,
578 3416 655 3495 diff,
680 3429 826 3480 christiana
845 3426 937 3496 redipio
957 3437 981 3479 et
1000 3428 1056 3479 eius
1075 3425 1197 3478 ecclesiae

71 3511 287 3575 communicatio,
312 3525 382 3575 quae
407 3507 536 3558 catholica
560 3513 596 3556 est
620 3511 644 3554 ct
667 3503 797 3554 catholica
821 3502 975 3552 nominatur
998 3518 1052 3551 nan
1076 3500 1160 3550 solum
1180 3517 1198 3549 a

70 3590 140 3654 suis,
156 3602 252 3640 aerum
271 3583 348 3635 etiam
368 3581 402 3631 ab
421 3579 540 3630 omnibus
557 3576 680 3639 inimicis,
699 3577 780 3626 uelint
798 3575 891 3626 nolint.
930 3575 1002 3624 Nam
1024 3574 1077 3639 ipsi
1095 3589 1198 3638 quoque

71 3662 183 3718 heretici
202 3666 227 3711 et
245 3658 397 3710 scismatum
416 3653 518 3704 alumni
541 3650 649 3715 artando
672 3667 727 3700 non
747 3666 805 3700 cum
824 3647 888 3711 suis,
914 3648 960 3698 sed
985 3664 1044 3697 cum
1064 3644 1198 3698 extraneis

70 3741 231 3805 loquuntur,
255 3727 413 3782 catholicum
436 3723 506 3777 nibil
529 3725 606 3774 aliud
630 3740 711 3788 quam
730 3721 884 3773 catboiieam
902 3729 1006 3772 uocant.
1047 3720 1109 3770 Nan
1128 3718 1198 3769 enim

69 3817 187 3881 possunt
205 3803 326 3870 inteliipi,
345 3802 399 3852 nisi
417 3801 464 3851 boc
484 3815 542 3849 eam
559 3796 665 3848 nomine
683 3796 844 3857 discernant,
869 3811 920 3859 qua
941 3795 974 3844 ab
993 3794 1117 3844 uniuerso
1137 3792 1199 3843 orbe

70 3898 258 3959 nuncapatur.
297 3883 352 3938 Sed
371 3884 447 3948 apud
465 3898 516 3945 eos,
539 3865 675 3950 inquiri,
690 3878 758 3929 solas
781 3875 937 3941 quaerenda
956 3883 993 3926 est
1012 3891 1076 3926 cera
1095 3873 1195 3940 reliqu,

72 4021 97 4073 a)
114 4025 208 4068 tempus
225 4013 322 4054 ultimae
338 4002 500 4047 ventilationis
515 3999 572 4049 Aac.
631 3996 655 4049 b)
671 3998 703 4036 ita
720 3997 789 4045 Aa9.,·
805 3995 875 4034 immo
894 3996 913 4035 1.

75 4112 102 4182 1')
123 4110 272 4178 Augustini
292 4108 382 4172 Opera
400 4102 434 4163 V,
452 4117 478 4166 p.
498 4096 561 4146 400.
636 4090 665 4157 2)
690 4091 731 4144 cf.
750 4090 815 4140 ibid.
836 4106 863 4154 p.
885 4087 965 4138 1091.
986 4087 1068 4136 1092.
1106 4087 1197 4150 Augu·

70 4192 138 4244 stini
151 4187 238 4238 verba
253 4180 334 4233 valde
354 4174 493 4226 contraxit.
550 4164 580 4232 3)
600 4165 641 4216 Of.
655 4163 782 4230 Cypriani
797 4163 886 4228 Opera
905 4177 930 4226 p.
943 4160 1005 4210 220.
1056 4157 1086 4224 4)
1105 4160 1198 4222 Augu.

68 4264 137 4317 stini
158 4262 251 4327 Opera
269 4257 293 4317 1,
312 4270 338 4320 p.
360 4249 458 4300 ⁷510.
542 4244 569 4306 b)
589 4239 659 4290 ibid.
677 4255 704 4303 p.
725 4236 776 4286 '151
791 4236 823 4286 F.
909 4231 937 4299 6)
957 4232 1028 4284 lbid.
1048 4250 1075 4298 p.
1096 4230 1147 4278 752
1162 4232 1199 4282 D.

71 4340 101 4403 r)
121 4335 195 4386 urs.
215 4350 242 4398 p.
264 4328 315 4379 ror
330 4326 364 4375 u.
