2812 4830
242 396 293 446 DE
311 395 470 448 UNITATE
489 396 695 449 sccnnslsn
717 398 994 451 CONSERVANDA.
1144 400 1179 449 45

54 563 227 631 ecclesiam
249 563 313 627 Dei
336 572 433 649 atque
454 587 522 628 rem
544 564 708 650 publicam
731 565 867 650 imperii,
897 566 1049 650 quoniam
1071 576 1179 651 partes

53 647 132 713 inde
162 648 346 732 segregavit
373 648 446 712 sibi.
489 648 578 721 luter
606 650 713 735 ipsum
740 669 879 734 namque
907 659 939 712 et
966 651 1179 735 interregem

54 732 260 798 Henrichum
286 752 401 817 graves
426 740 514 797 ortae
536 743 610 799 sunt
635 745 731 821 atque
753 733 968 797 inexorabiles
990 735 1179 816 discordiae,

55 839 144 903 papa
166 815 339 902 plurimum
361 817 535 898 annitente,
563 828 598 883 ut
625 841 683 882 rex
705 817 920 901 deponeretur
940 839 960 880 a
981 819 1070 901 regia
1092 829 1180 904 pote·

53 909 141 966 state
157 901 278 986 pariter
299 910 331 965 et
349 900 515 985 dignitate,
537 923 613 986 rege
628 924 705 967 vero
728 910 840 965 contra
862 902 994 984 nitente,
1016 912 1052 966 ut
1073 903 1179 968 defen-

55 985 152 1050 deret
180 1006 215 1048 se
243 983 284 1048 ab
313 985 452 1048 hostium
475 1007 605 1050 suorum
628 986 909 1067 circumventione,
933 987 987 1071 qui
1009 1007 1067 1071 pro
1090 996 1180 1072 parte

55 1068 204 1135 eiusdem
219 1090 324 1154 papae
340 1077 499 1134 certantes
514 1070 712 1155 quaerebant
733 1092 807 1134 eum
823 1071 1015 1156 opprimere.
1048 1069 1179 1134 Exinde

55 1153 166 1218 divisa
187 1162 237 1217 θεῖ
258 1152 393 1217 ecclesia
420 1163 452 1218 et
473 1153 579 1218 divisa
601 1164 676 1219 sunt
697 1154 852 1219 ecclesiae
874 1154 1060 1236 sacerdotia,
1082 1165 1180 1241 atque

57 1239 170 1302 omnia
198 1235 422 1301 scandalorum
451 1247 520 1302 orta
550 1249 624 1304 sunt
650 1261 784 1323 genera,
816 1237 933 1302 exinde
959 1240 1061 1304 crevit
1081 1260 1180 1323 grave

56 1331 90 1387 et
112 1321 300 1386 diuturnum
322 1321 451 1405 bellum,
474 1332 506 1387 et
527 1343 592 1386 non
614 1324 718 1387 solum
741 1321 837 1388 civile
859 1321 988 1403 bellam,
1012 1322 1179 1387 sedetiam

55 1405 133 1491 plus
149 1427 245 1491 quam
260 1404 354 1469 civile
368 1405 498 1478 bellum.
522 1417 561 1473 et¹
574 1407 679 1473 factae
701 1416 776 1471 sunt
797 1405 920 1492 absque
936 1406 1046 1470 divino
1061 1407 1181 1491 pariter

56 1499 90 1556 et
112 1488 253 1553 humano
275 1503 426 1574 respectu
440 1492 637 1556 vastationes
660 1491 869 1557 ecclesiarum
892 1500 924 1555 et
945 1492 1060 1556 caedes
1081 1490 1181 1555 homi-

56 1595 151 1656 num3
174 1573 291 1639 exinde
313 1575 410 1638 etiam
433 1585 600 1661 corruptae
623 1586 698 1641 sunt
719 1575 848 1639 divinae
869 1578 991 1660 pariter
1017 1585 1049 1640 et
1069 1576 1180 1639 huma-

56 1680 120 1724 nae
152 1657 254 1742 leges,
288 1658 356 1723 sine
384 1657 501 1744 quibus
533 1681 598 1723 non
628 1660 771 1725 substitit
796 1659 846 1724 vel
873 1660 937 1724 Dei
965 1660 1101 1724 ecclesia
1130 1660 1181 1723 vel

56 1742 186 1829 imperii
215 1765 266 1807 res
288 1741 436 1828 publiea3
466 1754 498 1808 et
526 1743 643 1809 exinde
672 1743 792 1809 violata
818 1753 867 1808 est
892 1743 972 1808 fides
998 1754 1030 1809 et
1051 1743 1182 1830 publica

59 1837 92 1892 et
115 1825 288 1908 catholica3
311 1827 428 1892 exinde
451 1829 548 1892 etiam
570 1829 671 1893 crevit
692 1828 747 1892 illa
767 1827 932 1908 iniustitia,
963 1836 998 1890 ut
1019 1850 1079 1914 pro
1100 1829 1181 1892 veri-

58 1920 123 1980 tate
145 1910 226 1974 falsa
247 1912 429 1975 testimonia
449 1923 482 1976 et
502 1934 562 1997 pro
584 1912 648 1977 fide
667 1911 823 1978 catholica
843 1911 1008 1976 abundent
1029 1913 1179 1996 periuria,

57 2005 104 2076 ut,
127 2005 297 2081 postquam
319 1994 407 2079 leges
424 1994 509 2060 bello
532 1996 647 2062 siluere
663 2006 823 2077 coactae1,
844 1995 1017 2079 impleatur
1039 1997 1103 2058 iam
1119 1996 1180 2058 ista

60 2079 196 2144 Domini
229 2081 385 2143 sententia
416 2103 475 2167 per
509 2080 592 2146 Osee
625 2080 831 2166 prophetam:
866 2081 945 2145 Non
977 2089 1032 2158 cst,
1064 2079 1179 2163 inquit,
1190 2097 1280 2150 ossei,
1289 2100 1308 2139 1.
1317 2100 1337 2141 a.

58 2166 184 2229 ueritas
209 2173 239 2228 ct
265 2186 331 2228 aaa
357 2173 403 2229 est
429 2167 659 2230 misericordia
686 2175 715 2230 et
742 2188 807 2229 aaa
830 2175 875 2228 est
897 2166 1034 2228 scicntia
1056 2165 1121 2226 Dei
1143 2164 1180 2225 iu

58 2257 160 2312 tama.
203 2247 415 2312 Maledictum
436 2259 464 2313 ct
485 2251 691 2314 mendacium
713 2260 742 2313 et
763 2250 975 2314 homicidium
1004 2247 1180 2332 dsuetum

62 2340 92 2394 et
120 2331 320 2397 adulterium
347 2334 605 2412 inundaverunt,
634 2344 662 2396 ct
684 2357 746 2398 saa
772 2336 826 2397 uis
849 2333 1046 2418 sanguinem
1068 2331 1181 2416 talipit.

61 2415 154 2478 Haec
184 2437 269 2478 nunc
302 2415 467 2481 abundare
495 2427 526 2482 et
554 2419 736 2502 superabun
759 2440 814 2482 are
843 2427 975 2502 propter
1004 2415 1182 2480 doctrinam

59 2497 275 2563 Hildebrandi
302 2521 418 2585 papae,
445 2522 509 2587 qua
536 2500 646 2566 divisit
667 2524 786 2588 eorpus
814 2502 867 2566 vel
890 2500 1043 2566 ecclesiae
1064 2498 1116 2564 vel
1137 2500 1183 2562 rei

60 2581 222 2668 publicae,
252 2585 399 2670 nunquid
421 2585 481 2649 hoc
504 2596 553 2650 est
572 2585 787 2671 apostolicum
809 2608 897 2668 esse,
924 2594 956 2649 et
979 2583 1183 2669 Gregorium,

60 2666 95 2730 id
119 2677 169 2732 est
198 2667 279 2732 bene
304 2668 500 2754 vigilantem,
524 2691 603 2749 esse,
631 2679 663 2735 et
683 2672 717 2734 in
739 2670 886 2734 doctrina
908 2679 939 2734 et
961 2671 994 2732 in
1016 2689 1183 2732 conversa-

61 2752 149 2816 tione
172 2751 365 2816 eatholicum
387 2775 458 2816 esse
481 2753 657 2817 secundum
673 2756 863 2819 sententiam
880 2753 1046 2839 scriptoris
1067 2772 1183 2837 propo·

61 2837 144 2900 sitae
174 2835 351 2921 epistolae?
384 2846 479 2924 atque
509 2859 582 2901 cum
610 2838 666 2902 tali
687 2837 910 2903 Hildebrando
936 2847 1043 2924 partes
1065 2835 1183 2900 habere

61 2931 94 2985 et
123 2919 283 2986 eiusmodi
310 2920 417 3007 qualia
446 2943 483 2985 su
508 2922 631 2987 radicta
660 2932 735 2987 sunt
758 2921 881 3005 flagitia
907 2923 1046 3003 nutrire,
1074 2920 1183 2984 fovere

61 3002 116 3069 vel
144 3003 324 3086 defendere,
352 2945 505 3092 nunquid
527 3005 589 3071 hoc
618 3015 666 3071 est
687 3006 768 3069 filios
790 3006 854 3069 Dei
876 3027 945 3069 esse
971 3015 1002 3068 et
1024 3004 1183 3088 spiritales

60 3097 96 3153 at
118 3110 159 3152 uc
181 3088 333 3153 caelestes
354 3111 424 3154 csse
445 3092 537 3155 iuxta
558 3091 748 3155 sententiam
767 3090 931 3174 scriptoris
953 3089 1096 3152 eiusdem
1120 3089 1184 3172 epi·

63 3109 189 3238 stblae?
217 3172 314 3239 Absit
341 3172 414 3255 hoc,
440 3173 534 3257 absit,
562 3176 705 3261 inquam,
732 3175 893 3259 quoniam,
917 3181 1087 3236 attestante
1109 3192 1344 3255 apo-spacium.

61 3256 155 3339 stolo,
178 3255 325 3322 Christus
347 3257 495 3323 exhibuit
517 3259 578 3324 sibi
621 3257 770 3323 loriosam
790 3256 958 3323 ecclesiam
981 3277 1045 3319 non
1066 3255 1185 3319 haben·

61 3351 129 3405 tem
162 3340 320 3406 maculam
351 3364 410 3407 nec
443 3365 502 3428 per
534 3282 755 3428 duplicitatem
787 3363 917 3426 rugam,
952 3341 1026 3426 quia
1064 3349 1096 3404 et
1127 3360 1184 3423 per

61 3425 218 3491 iustitiam
250 3436 299 3491 est
331 3426 451 3491 munda
483 3438 516 3492 et
546 3450 606 3513 per
638 3426 817 3513 simplicem
849 3425 1058 3490 intentionem
1084 3433 1183 3488 tensa.

64 3507 161 3575 Unde
183 3518 217 3573 et
237 3509 272 3572 in
294 3510 428 3577 Cantica
451 3513 649 3577 canticorum
672 3512 811 3596 Spiritus
834 3519 962 3575 sanetus
984 3532 1025 3573 ex
1047 3529 1185 3594 persona

62 3593 200 3658 Domini
228 3591 376 3680 designat
405 3605 436 3660 et
465 3596 560 3661 dicit:
600 3597 674 3660 Una
703 3605 748 3660 est
769 3595 914 3660 columba
935 3616 1017 3675 uisa,
1036 3591 1184 3678 perfecta
1196 3607 1260 3650 cant.
1271 3610 1291 3650 ε.
1303 3610 1324 3652 ε.

64 3702 147 3761 mea,
178 3701 249 3742 unu
278 3689 325 3744 est
345 3681 462 3744 aratris
484 3703 564 3744 suae
586 3681 694 3760 electa,
716 3682 889 3765 pauitricis
911 3700 999 3744 suae.
1044 3676 1108 3742 Sed
1131 3676 1185 3740 ad-

64 3762 202 3826 versarii
231 3764 341 3846 nostri,
371 3766 519 3850 quamvis
548 3764 612 3850 ipsi
639 3765 777 3828 exierint
805 3785 825 3826 a
845 3762 949 3844 nobis,
976 3783 1042 3825 non
1064 3782 1122 3824 nos
1144 3761 1185 3824 ab

62 3847 73 3908 i
100 3847 160 3929 sis,
197 3855 306 3911 tamen
336 3848 383 3911 sic
411 3847 515 3914 solent
541 3871 576 3912 se
606 3848 831 3912 commendare
860 3847 954 3911 dictis
980 3855 1012 3909 et
1040 3846 1103 3910 scri
1127 3846 1184 3912 tis:

101 3953 136 3994 os
160 3931 456 4012 catholicissimus,
479 3956 538 3997 aas
559 3935 597 3997 in
619 3937 746 3997 unitate
768 3932 919 3997 ccclesiae
934 3953 1056 3994 sumus.
1123 3928 1185 3992 nde

64 4015 204 4100 scriptor
229 4014 314 4080 illius
344 4016 496 4101 epistolae
523 4016 665 4102 appellat
690 4037 745 4081 eos
767 4017 830 4164 (qui
859 4023 934 4079 sunt
961 4015 994 4077 in
1023 4022 1114 4099 parte
1136 4013 1185 4076 sui

65 4100 218 4186 Gregorii
248 4099 431 4183 catholicos,
452 4122 511 4165 nos
532 4112 649 4182 autem,
672 4099 764 4186 quifi
789 4122 839 4164 em
855 4108 1039 4164 sanctorum
1057 4106 1185 4181 patrum

65 4293 94 4358 1)
117 4291 159 4346 cf.
179 4293 276 4345 Cicero
295 4309 342 4361 pro
362 4292 463 4344 Milone
483 4293 509 4356 4,
530 4292 578 4342 10:
600 4289 683 4359 Leges
701 4290 778 4342 sileat
797 4290 866 4341 inter
886 4307 970 4341 arma.
