2812 4830
252 395 303 448 DE
323 394 480 448 UNITATE
500 396 704 449 ECOLESIAE
725 395 1000 449 CONSERVANDA.
1130 400 1182 450 127

67 574 97 628 in
116 574 189 628 lonis
208 570 331 640 operibus
349 570 443 622 intenti
461 578 530 633 cant,
552 569 645 624 cotidie
663 571 804 623 deteriores
816 571 898 636 flant,
918 571 1029 622 damin
1048 571 1085 623 eis
1104 575 1184 639 66166

66 647 214 718 procrescit,
233 645 392 715 quoequali
407 645 440 696 dc
453 644 639 710 aaltfcraomo
651 642 720 710 fidei
730 645 795 711 ficri
813 645 893 698 ctiam
911 644 1056 697 laudabilia
1075 646 1183 712 appetit.

67 716 346 796 -8166166161,
374 713 531 799 inquiunt,
562 722 813 798 sanctas-poter
833 713 1030 778 Benedictus
1055 715 1185 778 audivit

69 828 91 868 a
121 801 252 868 diaholo
280 799 466 868 ‘maledicte'
492 806 608 869 61606
634 797 895 870 ’1661161666
921 798 1186 882 1111666611,116

71 896 101 952 61
123 889 175 952 hia
205 888 256 954 Wi
280 887 361 955 berti
381 889 565 958 maledictio
587 913 652 958 non
674 890 808 958 nocebit.

154 973 206 1038 41.
251 910 359 1039 1611111
386 974 498 1059 nolint,
526 977 591 1041 iam
618 977 752 1042 iudicati
775 987 850 1043 sunt
871 976 1053 1064 quicunque
1075 985 1191 1042 contra.

70 1079 211 1124 canones
232 1059 354 1124 faciunt
375 1067 406 1125 et
428 1061 484 1147 qui
506 1070 618 1126 6611116
638 1083 760 1148 paoem,
784 1084 881 1148 quam
897 1062 1044 1127 Christus
1059 1062 1193 1149 rehquit

68 1143 174 1226 nohis,
202 1143 325 1208 faciunt
354 1152 385 1209 et
414 1147 469 1232 qui
496 1146 650 1212 unitatem
673 1144 826 1211 ecclesiae
848 1147 1004 1212 dividunt.
1048 1145 1112 1211 Sed
1140 1144 1192 1212 illi

70 1229 219 1294 exierunt
234 1230 370 1311 anobis,
392 1251 456 1293 non
471 1251 529 1294 nos
544 1230 585 1295 ab
601 1231 694 1317 ipsis;
716 1255 794 1296 nam
816 1234 847 1296 oi
858 1232 1008 1315 favissem
1029 1253 1068 1294 eac
1084 1231 1192 1310 nobie,

94 1315 327 1378 ermansissent
349 1316 459 1399 athae
481 1314 658 1396 nobiscnm,
680 1315 762 1380 sicut
784 1314 862 1380 dicit
882 1315 1042 1380 Iohannes
1063 1323 1353 1400 666616-1111616

64 1337 130 1466 1116.
175 1397 262 1463 Ubi¹
293 1401 379 1462 enim
412 1409 459 1464 661
491 1399 607 1463 caritas
639 1398 688 1473 ibi
712 1421 778 1486 pax
806 1408 838 1464 61
866 1400 923 1464 11111
952 1398 1113 1464 humilitas
1143 1398 1190 1464 ibi

70 1483 200 1547 caritas.
244 1481 418 1548 Humilitas
445 1485 564 1568 quippe
593 1485 731 1569 pertinet
758 1484 799 1548 ad
829 1484 1072 1565 confessionem,
1101 1492 1189 1569 quaa

70 1566 260 1631 eonfitemur
280 1589 339 1630 nos
355 1577 539 1652 peccatores
555 1590 634 1649 esse,
656 1572 782 1634 caritas
803 1579 909 1633 antem
925 1571 1067 1653 cooperit
1081 1568 1189 1631 malti·

71 1652 219 1715 tudinem
249 1661 470 1736 peccatoram,
501 1653 585 1716 sicut
621 1651 700 1716 dicit
732 1652 867 1717 Iacobus
900 1651 1074 1739 apostolus.
1126 1650 1190 1717 Sed
1200 1676 1321 1730 racana.

72 1736 233 1816 monachi,
256 1736 296 1800 de
312 1757 448 1822 quorum
471 1736 674 1801 scismatibus
697 1747 793 1823 atque
816 1737 983 1823 scripturis
1004 1746 1190 1818 tractamus²

72 1819 169 1905 longe
193 1818 468 1905 degeneraverunt
489 1820 530 1885 ab
546 1818 600 1883 illa
616 1842 713 1905 quam
734 1821 871 1907 professi
893 1829 966 1885 sunt
989 1821 1075 1885 beati
1089 1821 1191 1886 Bene·

71 1905 151 1969 dieti
172 1905 373 1989 paternitate,
396 1905 453 1990 qui
474 1904 599 1986 docent,
623 1905 733 1989 regiae
755 1907 916 1991 potestati,
939 1906 1038 1969 immo
1062 1904 1190 1969 divinae

73 1989 269 2052 ordinationi
291 1988 503 2053 resistendum
525 2010 604 2070 6666,
627 1997 659 2053 61
681 1988 824 2054 exaltant
845 2012 878 2055 se
901 2000 1011 2054 eontra
1026 1989 1191 2075 pontifica-

72 2082 143 2137 tum
159 2070 462 2157 sedisapostolicae,
487 2074 541 2159 qui
557 2074 654 2137 ctiam
675 2096 709 2138 66
730 2075 832 2139 166166
854 2084 886 2140 61
906 2071 1068 2158 regulares
1083 2095 1191 2137 mona-

73 2156 152 2222 chos
182 2179 252 2222 6666
279 2157 470 2242 profitentur
498 2166 531 2223 et
559 2156 709 2223 caelestes
738 2181 772 2225 se
794 2180 832 2222 ac
854 2157 1013 2244 spiritales
1035 2179 1104 2223 6666
1124 2156 1191 2243 glo„

73 2243 208 2323 riantur,
244 2243 327 2307 sicut
358 2243 477 2327 scripta
507 2243 652 2306 isorum
687 2251 884 2308 attestantur.
935 2240 1030 2307 Certe
1062 2252 1191 2307 sanctus

72 2325 296 2391 Β6116111611161
322 2325 426 2407 docet,
447 2263 656 2391 nihilputilius
679 2350 748 2393 esse
769 2327 926 2393 monacho
949 2349 1045 2414 quam
1067 2325 1192 2392 humili-

72 2418 183 2492 tatem,
217 2411 387 2476 ostendens
423 2433 465 2475 ex
501 2411 618 2476 Sacrae
648 2411 831 2499 Scripturas
866 2411 1058 2492 testimonio,
1090 2432 1190 2496 genus

75 2517 148 2561 6666
183 2496 354 2580 superbiae
387 2516 512 2560 omnem
545 2493 780 2564 exaltationem.
827 2511 918 2577 01661,
945 2497 1064 2581 inquit,
1092 2509 1193 2562 61111616

75 2587 120 2638 ael
153 2584 314 2637 661666111616
348 2591 482 2637 contentae
513 2586 547 2638 ait
582 2587 739 2651 6166661166,
770 2595 795 2640 61
821 2604 875 2638 non
906 2587 990 2638 solnm
1020 2602 1072 2637 666
1100 2585 1193 2652 linpno

70 2657 243 2726 pronuntiet,
272 2659 319 2710 aed
347 2660 426 2711 etiam
453 2657 544 2710 intimo
573 2660 660 2711 cordio
688 2662 779 2713 medat
804 2661 914 2726 affecta,
941 2677 968 2712 66
992 2657 1145 2726 inferiorem
1170 2667 1194 2711 et

74 2742 196 2793 citiorem
229 2741 357 2792 omnibus.
407 2724 471 2791 Sed
504 2725 550 2790 illi
586 2748 672 2790 nuno
707 2728 872 2808 monachi,
917 2726 1064 2813 qualibus
1108 2735 1193 2790 66116

74 2809 257 2874 Pharisaeis
289 2808 367 2872 dicit
387 2811 422 2872 in
443 2809 610 2895 euangelio
632 2810 807 2875 Dominus:
839 2813 898 2877 Vos
923 2814 999 2876 estis
1022 2814 1080 2897 qni
1100 2814 1194 2876 insti·
1204 2835 1303 2887 nuere,
1314 2832 1353 2878 16.

68 2895 184 2977 ficatio
211 2915 267 2958 666
297 2917 407 2958 coram
437 2895 631 2976 hominihus,
653 2895 817 2959 Dominus
845 2906 949 2959 antem
978 2899 1067 2960 novit
1092 2897 1194 2960 corda

75 2988 202 3061 666166,
233 2979 313 3063 qnia
346 2981 431 3076 qnod
464 2977 646 3043 hominihus
682 2979 783 3043 altam
819 2988 864 3043 661
897 2979 1116 3043 abominabile
1149 2988 1194 3044 cat

78 3063 173 3148 apud
199 3063 325 3127 Deam:
354 3061 416 3145 1lli,
449 3063 597 3148 inquam,
628 3063 675 3126 616
707 3062 823 3127 docent
857 3063 891 3126 in
924 3065 1097 3147 synagogis
1128 3065 1193 3127 suis

75 3155 110 3211 61
139 3146 185 3210 616
213 3146 356 3210 scribunt
378 3155 489 3211 contra
509 3146 693 3233 pontificem
716 3144 1032 3232 apostolicaesedis:
1067 3147 1192 3221 Caveto,

75 3231 236 3317 inquiunt,
259 3240 303 3312 16,
328 3232 547 3312 66111611666,
571 3255 610 3295 66
628 3232 788 3319 1171916616
809 3233 904 3296 corde
926 3231 974 3295 cet
998 3231 1194 3295 credideris

77 3339 125 3380 nn
150 3339 227 3379 acm
249 3315 346 3380 ‘Aca
376 3316 576 3396 Quinimmo
593 3328 729 3401 66116111,
753 3338 771 3380 ο
794 3315 974 3396 christiane,
996 3336 1036 3378 nc
1051 3335 1193 3401 unquam

76 3400 108 3465 ei
128 3340 253 3463 dixeris
274 3398 374 3481 ‘Ave',
398 3401 453 3486 qui
474 3399 515 3464 ad
536 3413 568 3465 te
582 3402 712 3466 ,16116111
733 3409 765 3466 61
786 3400 964 3464 doctrinam
987 3398 1107 3465 Christi
1129 3420 1193 3461 non

76 3483 230 3564 attulerit,
275 3483 404 3547 uoniam
421 3486 478 3570 qni
499 3487 530 3549 ei
552 3486 639 3548 ‘Aac'
660 3487 783 3550 11166611
805 3486 1019 3550 communicat
1041 3483 1193 3566 operibns

76 3568 170 3634 illins
199 3505 366 3655 malipnis,
394 3569 477 3634 sicut
502 3567 660 3635 Iohannes
688 3568 853 3656 apostolus
881 3568 935 3633 ait.
980 3567 1109 3633 Credite
1138 3586 1324 3631 ex-rnonn.

76 3662 170 3737 perta
198 3661 230 3716 et
258 3652 314 3739 qui
337 3653 505 3717 veritatem
534 3652 622 3735 dicit,
645 3655 710 3718 Dei
738 3653 954 3719 testimonium
976 3652 1084 3732 ascite,
1107 3652 1191 3738 quia,

78 3757 155 3800 eum
181 3737 339 3801 eiusmodi
363 3759 464 3822 genus
490 3738 719 3804 monachorum
745 3739 780 3803 in
806 3748 914 3802 nostra
943 3736 1111 3822 provincia
1138 3748 1194 3800 aut

77 3821 182 3885 solum
212 3823 253 3885 sit
284 3831 341 3884 aut
366 3823 515 3907 primum,
544 3823 589 3887 eis
617 3831 701 3888 66116
731 3832 780 3888 661
803 3843 901 3908 grave
930 3821 971 3885 ad
999 3819 1193 3884 audiendum

76 3906 218 3970 1116111166
249 3904 400 3989 verbum,
437 3928 510 3970 eum
546 3929 609 3971 uno
642 3908 781 3973 iustitiae
812 3907 941 3970 nomine
973 3905 1194 3969 contineantur

77 4114 101 4166 a)
117 4115 150 4154 ita
165 4114 236 4165 Auca
252 4116 307 4165 quta
322 4117 341 4155 1.

77 4307 104 4370 1)
131 4304 173 4356 cf.
200 4305 282 4357 verba
300 4306 443 4370 Augustini
468 4306 515 4358 sub
541 4304 620 4356 finem
647 4305 724 4358 huius
745 4306 850 4372 capitis.
942 4302 970 4368 2]
1000 4302 1029 4355 S.
1047 4303 1192 4356 Benedicti

72 4378 170 4444 regula
190 4395 213 4432 c.
235 4380 259 4444 7,
278 4379 357 4443 grad.
377 4380 402 4432 6.
423 4377 449 4430 l.
