2812 4830
215 373 267 423 142
398 372 448 422 DE
467 371 627 422 UNITATE
649 369 853 421 EOCLESIAE
873 368 1150 422 consulturum.

214 546 323 598 diuinus
350 552 373 598 et
393 545 538 596 auctoritas
563 543 661 597 Veteris
685 560 716 594 ac
736 541 809 594 Noui
831 542 990 595 Testamenti
1013 541 1162 595 rectissima
1184 542 1220 594 sit
1243 561 1331 595 narrum

214 630 286 680 citae
298 628 446 691 humanam·
460 629 580 694 ideaque,
593 612 664 692 aiv,
678 625 748 677 nibil
759 626 834 676 debet
846 625 929 677 abbas
944 631 1019 677 entra
1029 632 1206 692 praeceptum
1218 625 1331 690 Domini,

215 702 287 769 quod
306 701 374 753 absit
382 706 404 764 θ,
424 710 471 752 aut
494 703 586 754 docere
611 709 660 751 aut
684 699 841 751 constituere
865 700 908 752 uel
930 698 1029 761 iubere,
1049 699 1096 750 sed
1114 697 1199 750 iussio
1220 699 1277 750 eius
1294 701 1332 752 uel

216 775 338 827 doctrina
354 774 519 840 fermentum
542 773 650 826 diuinae
673 771 791 824 iustitiae
808 771 838 822 in
856 771 1048 838 auupuurum
1066 771 1198 825 mentibus
1215 789 1331 839 consper-

84 895 109 936 οἵ
124 895 197 936 m„
213 863 304 926 patur.
340 855 445 922 Oportet
459 866 556 923 autem,
575 841 710 927 inquit27
731 854 849 906 abbatem
866 871 921 906 esse
936 856 1041 907 doctum
1057 857 1111 922 leqe
1130 854 1236 920 diuina,
1256 863 1285 907 ut
1303 854 1332 906 sit

107 921 288 1008 ie,os.⁰unde
308 941 433 1006 proferat
457 956 528 990 noua
553 952 578 992 et
601 946 699 992 uetera.
744 921 836 986 Sicut
863 922 947 986 enim
978 922 1058 987 dicit
1084 924 1249 987 Dominus
1279 945 1332 1009 per

113 1014 159 1055 10r·
169 1015 206 1066 1⁰,
216 1008 413 1072 Hieremiam
440 1007 648 1092 prophetam:
679 1005 807 1073 Stultus
829 1017 875 1070 est
903 1009 1120 1073 omnishomo
1144 1031 1165 1071 a
1188 1009 1333 1088 scientia,

126 1072 245 1156 1‘¹'‘¹⁵'‘et
260 1114 361 1177 opera
376 1114 486 1157 eorum
501 1115 592 1157 uana
607 1100 683 1156 sunt
704 1100 734 1156 et
751 1092 838 1154 usui
853 1091 968 1176 dipna,
1001 1091 1100 1177 Ergo,
1115 1092 1193 1156 licet
1207 1091 1331 1178 Moyses

216 1178 267 1258 sit,
285 1177 362 1240 licet
374 1177 489 1241 Petrus
503 1176 580 1240 autb
596 1174 717 1241 Paulus
732 1175 782 1256 sit,
797 1175 832 1237 in
845 1174 981 1238 nihilum
998 1175 1207 1262 deputabitur
1223 1186 1332 1241 cuncta

216 1283 328 1326 eorum
343 1258 467 1345 absque
480 1261 553 1324 Deo
576 1260 744 1345 sapientia,
766 1281 786 1322 a
800 1280 864 1344 quo
887 1270 936 1324 est
958 1261 1060 1324 omnis
1082 1261 1211 1342 modus,
1234 1263 1331 1324 omnis

216 1367 301 1431 spes,
324 1345 426 1408 omnis
449 1343 538 1425 ordo,
560 1346 663 1408 omnis
685 1367 701 1408 s
725 1345 808 1408 ecies
830 1352 862 1408 et
883 1345 987 1408 omnis
1008 1345 1140 1410 iustitia.
1174 1345 1242 1410 Sed
1266 1367 1330 1410 oon·

216 1428 398 1494 valescente
419 1429 531 1513 iniqua
546 1366 784 1510 consuetudine,
805 1427 858 1491 hic
877 1450 966 1492 error
986 1440 1149 1514 tamquam
1171 1429 1229 1493 lex
1251 1430 1330 1516 apud

216 1536 271 1579 eos
294 1522 342 1577 est
363 1511 556 1595 custoditus,
579 1511 620 1576 de
643 1511 792 1610 qualibus
813 1511 927 1577 scribit
942 1513 1134 1577 Cassianus³
1159 1515 1203 1578 ad
1226 1514 1330 1580 Casto-

216 1620 284 1662 rem
312 1597 500 1682 episcopum
527 1598 560 1659 in
588 1596 678 1661 libris
705 1596 745 1660 de
767 1595 886 1682 regulis
907 1597 1137 1662 monachorum
1160 1611 1194 1663 et
1215 1599 1331 1664 institu-

116 1735 118 1739 .
216 1680 367 1746 tionibus.
423 1696 512 1760 Multi,
541 1681 656 1767 inquit,
683 1713 735 1762 per
763 1695 884 1748 diuersas
914 1698 1034 1766 repianes
1059 1715 1109 1763 pro
1142 1696 1256 1750 arbitrio
1281 1715 1330 1761 suo,

62 1778 205 1831 temtus.
217 1772 341 1824 babentes
360 1770 474 1836 quidem,
494 1777 523 1820 ut
538 1773 673 1838 apostolus
690 1770 737 1833 ait,
756 1770 859 1821 relum⁰
874 1768 936 1834 Dei,
955 1771 1002 1822 sed
1021 1789 1074 1822 non
1093 1772 1240 1822 secundum
1255 1772 1331 1824 scisn-

218 1843 291 1908 tiam,
310 1844 428 1896 diuersos
441 1844 531 1896 modos
545 1863 577 1896 ac
589 1846 695 1912 repulus
714 1842 815 1894 sibimet
833 1844 1031 1909 constituerunt,
1051 1851 1075 1897 et
1093 1851 1129 1895 tot
1143 1846 1330 1910 propemodum

217 1919 325 1986 repulae
350 1927 412 1969 sunt
439 1924 594 1984 usurpatae,
626 1923 688 1984 quot
713 1915 792 1967 etiam
817 1917 979 1968 monasteria
1008 1917 1139 1983 cellaeque
1171 1926 1333 1970 constructae

217 1999 296 2054 sunt,·
333 1991 444 2056 ideoque
477 2001 592 2055 constat,
630 1991 679 2042 bas
715 1989 883 2042 diversitates
910 2007 964 2056 per
995 1991 1152 2056 prouincias
1191 2001 1332 2058 usurpatas

218 2082 281 2129 esse,
308 2065 372 2130 quia
394 2065 507 2116 necdum
532 2065 665 2117 seniorum
688 2062 899 2114 institutionibus
925 2064 1031 2127 eruditi,
1061 2063 1207 2116 nescientes
1231 2065 1332 2132 quiden

217 2140 337 2192 ordinem
365 2137 538 2204 disciplinae,
571 2135 738 2190 monasteriis
762 2153 887 2201 praeesse
910 2137 1045 2202 festinamt
1073 2146 1096 2190 et
1126 2139 1236 2191 abbates
1265 2149 1331 2190 ante-

217 2230 298 2280 quam
326 2210 452 2277 discipuli
480 2212 551 2277 quod
578 2212 680 2264 libitum
700 2209 790 2278 fuerit
818 2210 954 2262 obseruari
981 2212 1133 2274 decernunt,
1157 2211 1330 2278 promptiores

217 2303 326 2338 sucrum
344 2283 511 2336 inventorum
531 2286 634 2353 eripere
653 2283 809 2347 custodiam,
833 2301 913 2350 quam
933 2285 1112 2336 examinatam
1131 2286 1266 2337 maiorum
1284 2303 1329 2337 scr-

217 2385 281 2420 varc
300 2366 457 2419 doctrinam.
495 2366 584 2434 Super
602 2367 652 2418 lsac
670 2384 708 2430 re,
731 2351 847 2436 inquit,
867 2366 964 2418 viriet
983 2364 1039 2416 sita
1056 2367 1156 2419 nobiles
1176 2377 1201 2419 et
1220 2384 1330 2420 serruoru

216 2442 376 2506 scientiaque
390 2441 528 2506 praeclari
546 2442 630 2492 multa
647 2441 702 2490 iam
721 2443 848 2506 opuscula
866 2440 1042 2502 desudarunt,
1062 2449 1184 2492 sanctum
1203 2442 1330 2493 Basiliam

217 2521 242 2567 et
266 2514 460 2579 Hieronymum
487 2512 546 2565 dica
575 2513 693 2579 aliosque
720 2516 872 2577 nonnullos,
901 2529 1012 2578 quorum
1040 2522 1114 2565 tenor
1142 2515 1330 2567 sciscitantibus

209 2587 347 2653 fratribus
367 2603 448 2653 super
466 2586 578 2638 diuersis
597 2584 723 2638 institutis
742 2590 784 2639 uel
801 2586 999 2653 quaestionibus
1017 2604 1072 2638 non
1091 2589 1176 2638 solum
1187 2588 1330 2654 facundia,

217 2676 310 2712 rerum
335 2659 412 2711 etiam
431 2659 595 2711 Divinarum
614 2658 816 2725 Scripturarum
844 2659 997 2713 testimoniis
1023 2660 1126 2726 copioso
1152 2678 1273 2714 sermone
1296 2678 1330 2714 re·

217 2741 337 2809 spondet.
369 2726 463 2792 Unde
480 2737 512 2791 et
526 2727 643 2814 legitur
664 2729 697 2790 in
711 2727 939 2793 Ecclesiastica
954 2728 1117 2792 Ηὶιιοιὶιι4
1136 2727 1177 2792 de
1192 2731 1330 2814 priorum

217 2819 345 2895 patrum
375 2812 582 2896 temporibus,
608 2810 769 2897 quomodo
798 2815 983 2878 restiterunt
1006 2810 1092 2897 lupis
1118 2815 1212 2898 gregi
1240 2813 1331 2879 domi-

217 2896 291 2958 nico
321 2894 557 2979 insidiantibus,
584 2899 639 2983 qui
668 2918 755 2960 nunc
780 2896 853 2984 plus
875 2895 1041 2961 abundant
1061 2896 1132 2960 istis
1154 2899 1330 2963 novissimis

218 2976 343 3043 diebus·
386 2996 474 3063 Ipitur
496 2995 623 3060 hereticis,
643 2981 756 3066 inquit,
780 3014 829 3063 per
847 3015 947 3048 omnem
966 2997 1051 3048 mcum
1074 2994 1243 3049 zizaniorum
1261 2997 1328 3049 mado

213 3086 289 3135 pura
306 3070 381 3122 uerbi
397 3069 452 3121 Dei
469 3071 572 3121 semina
589 3070 785 3122 maculantibus
804 3080 829 3123 et
842 3087 919 3122 areas
933 3067 1092 3136 apostalicae
1104 3071 1245 3124 doctrinae
1262 3071 1330 3122 adul-

218 3143 306 3196 terina
325 3141 482 3195 admistione
500 3144 690 3210 polluentibus,
715 3161 747 3195 eu
771 3145 842 3196 omni
860 3150 940 3210 parte
964 3143 1111 3194 sacerdotes
1130 3143 1244 3196 Domini
1267 3146 1329 3198 velut

217 3215 356 3284 tripidantes
376 3217 507 3284 apricolae
527 3223 646 3270 caculam
666 3226 690 3269 et
708 3235 857 3284 eapurqare
876 3233 965 3270 eorum
983 3218 1055 3267 mala
1070 3217 1173 3268 semina
1185 3219 1329 3270 nitebantur

218 3299 242 3342 et
255 3299 383 3356 tanquam
401 3290 506 3342 solliciti
513 3299 638 3357 pastores
656 3289 814 3343 insidiantes
828 3292 903 3357 lupos
920 3289 1043 3359 prepibus
1058 3288 1158 3342 Christi
1177 3293 1328 3344 clamoribus

217 3364 300 3415 simul
316 3363 580 3430 insectationibusque
599 3365 734 3429 repellere,
754 3366 938 3416 commonendo
950 3365 1064 3430 fratres,
1082 3364 1251 3426 instruendo,
1275 3364 1328 3417 scri·

219 3438 303 3491 bendo
329 3438 408 3489 etiam
433 3438 507 3504 lonpe
521 3435 627 3504 positis,
645 3436 725 3504 ipsos,
751 3437 835 3489 sicubi
853 3456 942 3490 coram
961 3437 1203 3503 deprehendissent,
1222 3439 1252 3490 in
1271 3455 1328 3490 con·

217 3511 294 3562 muni
315 3511 488 3578 perurqendo
517 3518 541 3562 et
567 3510 706 3562 uerborum
735 3512 876 3564 luctamine
901 3529 931 3563 ao
956 3509 1167 3576 disputationum
1196 3512 1327 3564 certamine

213 3584 415 3650 prosternendo,
442 3582 490 3634 alii
514 3584 593 3636 etiam
614 3584 728 3650 posteris
754 3586 921 3648 consulendo,
941 3584 1106 3651 quaestiones
1126 3601 1217 3637 eorum
1236 3593 1261 3638 et
1275 3602 1327 3652 per·

218 3682 308 3717 uersas
322 3664 476 3717 abiectiones
491 3663 568 3717 editis
585 3667 775 3718 commentariis
791 3668 963 3734 confutando.
992 3652 1078 3716 Hinc
1095 3651 1193 3716 etiam
1209 3663 1327 3718 sanctus

217 3732 284 3797 Leo
311 3743 433 3818 papa³t
457 3748 519 3800 Non
538 3758 583 3814 est,
603 3735 717 3819 inquii,
739 3750 845 3802 omnino
854 3751 1009 3816 ferendum,
1032 3746 1102 3802 seed
1116 3752 1246 3820 profanis
1265 3769 1326 3805 erro·

219 3937 243 3991 s)
259 3940 291 3979 ita
307 3941 405 3992 Bencd.‚·
418 3943 480 3991 quod
495 3944 527 3984 sit
542 3947 563 3985 1.
623 3942 648 3996 b)
664 3947 690 3984 ut
705 3945 726 3984 1.
786 3941 808 3994 c)
824 3943 1005 3985 aemulationem
1025 3943 1085 3994 Vutq.
1147 3943 1172 3996 d)
1187 3946 1208 3986 si
1222 3914 1273 3987 Lis.

222 4116 249 4185 1)
270 4119 369 4172 Bened.
388 4121 456 4186 Reg.
477 4138 499 4174 c.
521 4122 545 4175 2.
621 4123 649 4187 2)
669 4123 772 4174 Locum
790 4139 845 4174 non
863 4125 963 4174 inveni.
1038 4121 1067 4187 3)
1088 4122 1163 4175 Cass.
1183 4122 1230 4175 lib.
1244 4123 1281 4176 11.
1298 4120 1325 4170 de

220 4193 349 4244 canonico
368 4201 489 4246 nocturn.
509 4198 621 4248 oration.
641 4203 668 4248 et
683 4196 808 4264 psalmat.
829 4197 908 4247 modo
929 4213 952 4249 c.
967 4197 992 4248 2.
1012 4196 1037 4247 3.
1112 4194 1143 4262 4)
1163 4195 1206 4248 Cf.
1225 4193 1325 4248 Eusebii

218 4267 378 4408 ¹ldisgpfflpccl.
398 4269 446 4330 IV,
461 4270 505 4320 22.
522 4270 566 4320 23.
624 4271 651 4335 b)
670 4272 789 4322 Decreta
807 4271 907 4322 Leonis
926 4272 961 4322 sd
981 4269 1127 4333 Turibium,
1146 4267 1258 4322 Hinsch.
1277 4269 1324 4321 La
