2812 4830
205 353 257 404 118
387 353 438 405 DE
457 353 614 405 UNITATE
634 352 838 406 nconnsmn
859 352 1136 406 consuamus.

206 522 360 605 custodia,
383 544 479 608 super
502 520 644 608 qualium
665 523 795 587 miseria
817 523 863 586 sic
885 545 943 608 per
965 523 1166 586 Hieremiam
1189 521 1314 608 prophe·

97 593 196 696 {³92⁴ss
204 618 270 673 tam
292 607 498 695 conqueritur
517 607 669 672 ecclesia:
691 609 775 694 Epo,
797 607 954 693 inquiens,
978 607 1134 672 derelicta
1156 607 1313 689 ramsola,

203 694 282 758 erui
303 714 352 755 mc
373 691 456 756 stolo
473 693 583 776 pacis,
604 691 705 756 indui
725 716 773 757 me
796 701 902 756 autem
921 714 1016 757 sacco
1039 692 1272 757 obsecrationis
1290 701 1314 756 ct

203 776 350 841 clamabo
366 777 411 840 od
425 775 628 849 Altissimum
649 779 687 842 in
702 777 816 842 diebus
830 778 919 841 meis.
940 775 1216 860 Animosquiores
1230 785 1314 841 estote

195 860 275 944 filii,
299 861 445 941 clamate,
467 860 582 946 inquit,
607 860 652 925 ad
673 860 863 940 Dominum,
891 869 920 925 et
941 862 1058 944 eripiet
1079 883 1137 926 vos
1161 861 1201 925 de
1221 883 1313 925 manu

201 948 394 1030 principum
415 947 617 1030 iniquorum.

287 1031 337 1094 37.
380 1028 432 1094 De
465 1030 514 1093 bis
551 1029 673 1094 scilicet
709 1028 848 1092 inimicis
885 1027 1086 1114 principibus
1121 1049 1197 1092 cum
1230 1026 1314 1114 plura

202 1112 393 1179 haberemus
422 1114 540 1195 dicere,
570 1113 663 1178 nobis
693 1114 843 1178 videntur
872 1112 951 1177 haec
973 1134 1078 1197 pauca
1099 1112 1259 1193 sufficere,
1279 1111 1312 1176 de

203 1196 319 1283 quibus
342 1207 374 1261 et
387 1198 561 1345 participes
576 1219 687 1296 eorum
701 1206 852 1297 poterunt
874 1198 1035 1282 cognosci,
1059 1219 1140 1283 quos
1163 1206 1195 1262 et
1210 1194 1313 1269 similis

202 1303 291 1346 error
318 1284 373 1347 inv
405 1283 454 1346 vit
481 1291 513 1346 et
542 1289 731 1367 constrmgrt
783 1302 820 1345 ar
850 1302 955 1380 poena
983 1282 1122 1379 peccati.
1168 1275 1314 1366 Superest

201 1375 327 1430 tantum
354 1365 470 1430 referre
499 1365 539 1430 de
559 1365 733 1431 Adelberto
802 1386 1008 1429 ormaciensrs
1039 1365 1195 1430 ecclesiae
1222 1386 1313 1451 quon-

202 1449 278 1513 dam
306 1450 469 1548 episcopo,
497 1451 553 1535 qui
580 1450 748 1514 damnatus
776 1458 825 1513 est
852 1450 948 1513 etiam
977 1459 1074 1536 atque
1100 1449 1314 1537 depositusin

203 1533 388 1619 supradicta
425 1533 685 1618 Moguntiacensi
717 1534 851 1619 synodo.
902 1533 967 1597 Hic
1002 1556 1079 1598 vero
1116 1532 1313 1614 Adalbertus,

203 1617 287 1681 sicut
316 1630 430 1702 supra¹
463 1640 591 1704 quoque
613 1618 763 1701 diximus,
786 1628 899 1703 captus
922 1627 971 1682 est
990 1618 1115 1702 fugiens
1139 1618 1179 1683 de
1202 1616 1314 1767 ppaelio

205 1701 381 1784 Saxonum,
411 1724 484 1766 cum
512 1711 597 1766 esset
623 1703 658 1766 in
685 1711 777 1787 parte
807 1724 918 1767 eorum
941 1712 1052 1767 contra
1073 1725 1185 1789 regem
1242 1703 1314 1766 erni-

204 1784 316 1868 chum3
338 1784 424 1851 unde
446 1796 478 1850 et
493 1785 658 1850 custodiae
680 1786 832 1869 traditur,
856 1785 914 1851 sed
935 1796 1008 1873 post
1023 1786 1224 1873 aliquantum
1245 1798 1316 1852 tern-

203 1871 303 1955 poris,
330 1869 617 1935 intervenientibus
644 1892 703 1956 pro
732 1893 770 1935 eo
800 1871 842 1935 ad
871 1892 979 1956 regem
1005 1871 1117 1935 amicis
1140 1873 1219 1953 eius,
1244 1869 1316 1936 solvi

202 1953 341 2037 iubetur,
370 1965 402 2019 et
431 1977 525 2020 omne
552 1953 696 2020 debitum
724 1956 753 2019 ei
779 1955 960 2036 remittitur,
994 1955 1081 2041 quod
1110 1957 1316 2020 commisisset

202 2038 255 2104 vel
281 2039 315 2101 in
343 2039 561 2104 coniuratione
591 2039 678 2103 facta
703 2050 813 2104 contra
835 2047 953 2103 statum
974 2041 1021 2104 rei
1042 2038 1195 2126 publicae
1216 2040 1268 2105 vel
1286 2041 1315 2102 in

203 2123 332 2189 alterius
354 2125 440 2209 regis
463 2122 629 2188 eloctione.
671 2124 716 2188 At
736 2122 790 2188 ille
811 2123 984 2209 persistens
1010 2125 1043 2188 in
1070 2127 1230 2189 sententia
1250 2125 1315 2188 scis-

204 2208 297 2272 matis
319 2208 370 2271 sui
392 2217 424 2273 et
444 2208 478 2271 in
500 2207 560 2271 hac
582 2230 734 2293 perversa
755 2218 851 2307 atque
867 2207 1019 2272 hactenus
1041 2208 1188 2274 inaudita
1208 2208 1314 2286 heresi,

228 2314 270 2356 ua
290 2290 455 2377 refugiunt
523 2293 529 2306 '
553 2299 629 2355 sunt
649 2291 808 2356 eiusmod1
828 2313 937 2377 regem
959 2291 1122 2357 hominem
1140 2293 1251 2359 videre
1271 2289 1317 2356 vel

204 2397 225 2439 a
249 2377 334 2461 oqui,
363 2377 455 2462 quasi
477 2314 580 2439 bomo
607 2375 691 2440 mala
712 2378 754 2441 sit
780 2385 926 2440 creatura
947 2376 1020 2458 Dei,
1046 2399 1112 2441 non
1134 2378 1241 2462 potuit
1259 2375 1317 2441 ulla

204 2461 329 2524 ratione
350 2459 479 2541 inflecti,
500 2469 537 2523 ut
557 2459 653 2525 vellet
673 2461 715 2524 ad
736 2459 906 2525 ecclesiam
933 2468 965 2524 et
986 2461 1208 2558 episcopatum
1232 2482 1317 2527 suum

206 2544 335 2625 reverti,
363 2543 472 2608 dicens
501 2565 647 2630 quaeque
676 2545 772 2608 etiarn
801 2553 947 2608 extrema
968 2566 1057 2629 pnus
1079 2548 1222 2632 experiri
1244 2543 1318 2612 velle

229 2649 304 2692 uam
325 2627 434 2692 videre
455 2625 507 2692 vel
528 2625 648 2727 alloqui
668 2651 779 2713 regem
806 2650 866 2693 sua
891 2638 1015 2714 sponte.
1057 2628 1146 2696 Ecce
1179 2632 1318 2719 captivus

67 2713 217 2782 assumi
242 2735 259 2776 e
281 2721 407 2776 tenetur
434 2711 469 2774 in
491 2711 646 2793 custodia,
666 2715 819 2796 poscitur
836 2737 927 2799 pone
949 2723 1044 2778 arto³
1065 2724 1095 2778 et
1117 2737 1209 2800 aqua
1231 2717 1318 2796 brevi,

207 2798 301 2860 iuxta
327 2795 416 2882 quod
443 2796 522 2860 dicit
542 2796 714 2882 propheta3
737 2807 769 2862 et
788 2798 850 2862 hoc
870 2799 991 2883 patitur
1011 2819 1077 2862 non
1097 2808 1233 2885 propter
1252 2799 1319 2864 fidei

207 2883 368 2962 meritum,
391 2881 447 2945 sed
469 2890 506 2945 ut
526 2880 631 2946 redire
653 2880 730 2945 velit
750 2882 792 2946 ad
813 2883 926 2946 unicae
947 2883 1059 2946 matris
1082 2883 1240 2949 ecclesiae
1257 2904 1319 2970 gre·

208 2965 319 3029 mium.
363 2964 429 3046 Qui
458 2989 532 3031 cum
561 2964 694 3030 honeste
721 2968 861 3051 potuerit
888 2968 1005 3031 reverti
1033 2966 1075 3031 ad
1103 2967 1274 3033 ecclesiam
1293 2975 1321 3032 et

162 3130 165 3135 q
209 3050 432 3137 episcopatum
465 3073 575 3133 suum,
607 3048 753 3135 neglexit
785 3072 857 3115 cum
890 3053 1055 3136 propriam
1088 3051 1228 3118 salutem
1259 3063 1319 3118 tum

207 3156 319 3199 curam
341 3135 449 3199 ovium
472 3135 535 3199 sibi
558 3135 760 3216 creditarum,
782 3144 879 3221 atque
893 3134 990 3199 elusis
1004 3133 1209 3219 regularibus
1226 3146 1322 3202 custo·

207 3219 280 3300 diis,
302 3220 439 3305 turpiter
466 3220 549 3305 fugit
579 3218 705 3284 rediens
740 3218 782 3283 ad
809 3227 912 3283 sectas
948 3227 981 3283 ct
1007 3220 1160 3286 scismata
1187 3223 1321 3307 partium

207 3325 348 3367 suarum.
382 3303 467 3367 Hinc
482 3303 684 3388 Augustinus
697 3314 723 3365 ²:
746 3317 857 3369 Fratres
875 3318 934 3382 mei,
953 3304 1066 3389 inquit,
1086 3318 1110 3370 a·
1129 3319 1229 3372 curisti
1247 3319 1322 3372 caica

206 3394 316 3445 ecclesio
334 3401 371 3445 est
389 3388 433 3444 ab
460 3411 517 3444 una
536 3401 582 3456 est,
607 3392 733 3458 quicquid
757 3392 820 3443 inde
840 3391 1009 3457 praeciditur
1033 3392 1092 3459 quis
1117 3394 1186 3444 tollit
1210 3395 1264 3446 nisi
1287 3395 1322 3446 leo

206 3466 251 3518 ille
269 3467 377 3535 rapiens
396 3473 421 3517 et
439 3464 594 3517 circumiens
614 3467 774 3531 quaerendo,
794 3481 870 3530 quem
888 3465 1013 3517 devoret?
1048 3466 1103 3518 Vae
1122 3465 1164 3518 Isis
1183 3469 1233 3534 qui
1248 3483 1321 3534 proc·

205 3548 349 3599 addantur!
366 3565 430 3599 nom
447 3547 505 3610 illo,
525 3532 578 3612 alt,
600 3546 704 3613 intepro
720 3547 894 3612 permanebit.
936 3533 989 3596 An
1018 3554 1082 3596 non
1110 3537 1280 3619 praecisus
1305 3553 1323 3596 a

206 3615 364 3679 catholica
396 3623 444 3679 est
476 3613 619 3695 ecclesia,
654 3616 710 3699 qui
742 3635 800 3698 pro
833 3612 1012 3700 aliquarum
1043 3618 1185 3703 partium
1221 3618 1322 3685 studio

207 3699 287 3763 exiit
313 3698 354 3762 ab
381 3697 444 3779 illa,
470 3699 602 3784 propria
652 3719 759 3784 uoque
788 3699 992 3785 episcopatus
1020 3702 1069 3766 sui
1092 3724 1216 3787 sponsa
1237 3724 1324 3790 repu-

208 3781 316 3846 diata?
358 3782 403 3846 Et
431 3783 457 3845 si
485 3780 538 3845 ille
559 3720 754 3847 Adellrertus
776 3783 904 3868 reliquit
925 3785 1206 3851 Wormaciensem
1230 3787 1323 3854 eccle·

209 3866 299 3946 siam,
322 3865 467 3951 nunquid
488 3865 561 3930 ideo
582 3865 709 3952 repellit
729 3867 889 3930 Dominus
920 3866 1049 3954 plebem
1071 3871 1188 3936 suam?
1233 3873 1324 3938 Dicit

209 3947 293 4014 Sion
317 3952 584 4036 -congregatio
611 3951 696 4015 enim
723 3959 916 4033 sanctorum,
945 3953 1001 4039 qui
1028 3954 1064 4016 in
1089 3977 1174 4041 pace
1196 3955 1324 4023 Domini

208 4154 233 4207 a)
250 4159 301 4206 stro
318 4159 339 4198 1.
401 4157 424 4210 b)
441 4162 467 4200 ut
482 4159 543 4203 coos.

211 4313 241 4383 1)
261 4317 351 4371 O.16.
408 4317 437 4385 2)
456 4319 601 4384 Augustini
620 4321 710 4387 Opera
728 4319 780 4383 111,
795 4320 820 4384 2,
840 4337 866 4386 p.
886 4320 948 4371 371.
