2812 4830
157 313 196 362 VI
616 303 829 355 PRAEFATIO.

160 487 277 558 statur,
307 475 482 540 seditiones
511 483 539 536 et
568 473 755 537 discordias
783 470 874 553 tollit,
896 493 1014 556 pacem
1040 474 1225 557 praedicat
1259 486 1290 540 et

161 562 309 627 studium
344 560 493 622 ueritatis
531 558 655 621 adserit
692 566 787 642 atque
824 558 936 620 omnia
972 557 1051 620 baec
1087 558 1286 644 evanpeliea

160 647 314 710 doctrina
336 652 363 707 et
388 641 609 726 apostolorum
632 665 670 705 ac
688 641 929 725 prophetarum
940 640 1046 723 fulcit
1066 643 1287 708 testimoniis’.

163 728 233 803 Quo
262 726 324 791 tabi
351 730 472 811 scripto
501 749 574 789 cum
601 747 659 789 suo
689 728 761 789 iure
783 724 947 788 Huttenus
975 735 1131 808 speraret,
1144 727 1226 810 fore
1248 738 1287 791 ut

158 812 279 877 multae
301 813 419 875 inanes
439 809 585 895 fabulae
614 810 653 873 de
681 810 877 873 auctoritate
901 831 1015 892 papae
1029 809 1131 891 fictae
1156 811 1286 894 refelle·

158 906 285 973 rentur,
313 905 349 958 ut
378 897 483 958 virtus
512 894 652 958 Hearici
672 893 731 973 IV,
760 913 844 975 quae
870 895 1043 977 incopnita
1072 895 1230 960 iacuisset
1257 906 1287 958 et

161 981 201 1045 ab
217 980 346 1044 Italicis
369 978 586 1063 scriptoribus
609 978 785 1042 obscurata
807 986 894 1056 esset,
917 998 932 1038 e
954 976 1093 1041 tenebris
1115 979 1161 1040 ad
1178 978 1285 1044 lucem

159 1073 376 1144 revocaretur,
406 1073 441 1125 ut
469 1064 647 1142 doceretur,
669 1083 824 1146 pupnam
854 1068 969 1123 contra
983 1083 1115 1144 papam
1140 1064 1178 1125 in
1202 1061 1285 1127 Ger·

158 1151 274 1213 mania
296 1148 381 1213 nibil
402 1151 479 1211 novi
498 1146 686 1210 inauditioe
708 1165 783 1224 esse,
806 1145 971 1207 constituit
992 1145 1079 1208 bunc
1100 1146 1220 1210 bibrum
1244 1151 1283 1212 in

159 1232 261 1296 lucem
289 1232 382 1296 edere
412 1250 546 1314 eumque
568 1230 658 1314 typis
680 1226 929 1291 euseribendum
956 1229 1128 1292 mandavit
1157 1230 1286 1297 Ioanni

160 1315 323 1401 Sebeffero
347 1315 555 1398 Mopuutino.
591 1313 705 1395 Itaque
729 1334 818 1375 anno
844 1311 935 1374 1520.
957 1314 994 1374 in
1014 1312 1117 1376 iucem
1145 1317 1285 1380 emissus

160 1410 206 1465 est
221 1424 293 1463 cum
307 1398 413 1462 titubo:
430 1398 491 1460 ‘De
506 1396 632 1459 unitate
646 1396 798 1459 ecclesiae
814 1396 1042 1459 conservanda
1053 1407 1082 1459 et
1097 1398 1285 1481 schismate,

182 1481 328 1567 uodfuit
348 1483 435 1546 inter
451 1479 651 1544 Hearicbum
667 1480 724 1543 IV.
744 1482 823 1562 imp.
846 1487 875 1540 et
890 1477 1085 1563 Greporium
1101 1481 1169 1545 VII.
1186 1483 1284 1552 Pont.

160 1508 254 1631 blan.
277 1565 451 1629 cuiusdam
465 1567 536 1627 eius
551 1565 705 1647 temporis
718 1562 808 1643 biber,
830 1565 865 1626 in
885 1566 1104 1627 vetustissima
1119 1565 1287 1632 Fubdensi

160 1650 352 1714 bibliotheca
381 1648 420 1712 ab
451 1647 593 1711 Hutteno
620 1650 772 1712 inventus
802 1649 927 1731 nuper'.
970 1647 1074 1732 Atque
1108 1671 1181 1713 cum
1213 1651 1285 1716 illis

162 1735 263 1797 annis
294 1754 347 1796 res
379 1753 496 1794 sacrae
528 1732 769 1795 restaurandae
797 1741 984 1816 operentur,
1015 1733 1178 1797 Huttenus
1208 1757 1285 1798 eum

160 1817 280 1882 bibrum
306 1816 352 1879 ad
380 1814 632 1878 Ferdinandum
660 1816 846 1898 principem
874 1816 972 1895 misit,
991 1815 1137 1898 fratrem
1168 1817 1286 1883 Caroli

159 1900 381 1986 imperatoris,
410 1901 491 1983 quia
513 1899 676 1984 sperabat,
688 1899 770 1984 fore
799 1907 836 1962 ut
862 1902 1031 1963 sententiis
1059 1902 1096 1963 ia
1118 1901 1175 1963 illo
1196 1900 1283 1966 libro

160 1986 318 2068 expositis
335 1992 590 2067 permoveretur,
617 2005 657 2046 ue
678 1985 838 2047 resisteret
859 2005 980 2048 causae
1002 1982 1283 2068 Reformatorum.

244 2068 340 2132 biber
377 2076 484 2130 autem
516 2069 764 2151 manuscriptus
800 2089 866 2130 non
901 2070 970 2132 iam
1007 2076 1128 2143 coastat,
1165 2091 1203 2132 ac
1241 2093 1283 2135 ne

159 2154 331 2237 vestiqium
357 2152 490 2296 puidam
520 2159 630 2231 restat,
658 2173 758 2235 equo
782 2173 826 2232 ap
854 2160 956 2231 areat,
979 2173 1042 2237 quo
1064 2173 1103 2214 en
1124 2153 1283 2217 manibus

161 2236 299 2298 Hutteni
317 2235 355 2298 de
371 2244 444 2296 atus
461 2236 511 2299 sit,
548 2234 747 2317 Nuperrime
767 2235 817 2298 Wi
828 2247 941 2298 mans¹
964 2244 1100 2299 conatus
1119 2245 1163 2298 est
1184 2240 1280 2300 uesti-

160 2321 220 2404 pia
241 2316 333 2381 illius
354 2319 507 2401 reperire,
530 2317 588 2380 sed
598 2317 746 2402 frustra.
778 2317 883 2402 Atque
920 2341 1095 2404 uamquam
1117 2318 1283 2383 bibliothe-

136 2478 139 2482 .
161 2425 233 2466 cum
255 2402 392 2465 Hutteni
410 2410 485 2485 past
506 2403 576 2465 eius
596 2411 726 2465 mortem
747 2342 977 2466 Eicbstadium
999 2402 1281 2468 translatumesse

160 2485 321 2551 Strauss²
350 2487 520 2570 opinatur,
548 2495 654 2550 tamen
677 2487 714 2549 in
736 2485 826 2548 nullo
852 2486 960 2550 indice
981 2485 1137 2550 librorum
1160 2510 1280 2551 manu-

160 2571 358 2654 scriptorum
385 2573 455 2634 eius
484 2569 691 2634 bibliothecae
716 2570 886 2653 vestipium
910 2569 990 2633 iibri
1011 2572 1111 2633 buius
1132 2573 1282 2636 inueniri

155 2664 269 2739 potest.
303 2653 399 2726 Qrtod
413 2654 577 2717 Huttenus
592 2652 753 2738 deforma
777 2676 816 2716 ac
832 2663 957 2717 natura
972 2655 1094 2719 codicis
1109 2655 1196 2717 discit
1209 2656 1281 2720 iam

160 2761 267 2822 supra
282 2740 537 2802 commemoraui.
559 2737 649 2801 Num
662 2746 767 2800 autem
774 2747 911 2821 praeter
925 2738 1066 2802 codicem
1082 2738 1122 2801 ob
1135 2738 1281 2803 Hutteno

159 2825 197 2887 in
219 2822 410 2887 bibliotheca
431 2821 590 2886 Fuldensi
618 2831 781 2905 repertum
803 2819 885 2885 abter
914 2823 1014 2886 coderc
1037 2821 1161 2887 alicubi
1182 2826 1281 2886 erasti-

159 2909 243 2988 terit,
266 2906 401 2970 dubium
422 2914 477 2969 est.
520 2905 556 2969 P.
579 2906 698 2969 Euabd
723 2907 761 2970 in
783 2906 1010 2969 dissertatione
1037 2928 1099 2969 sua
1127 2905 1166 2968 de
1194 2906 1281 2970 Wab-

160 2999 265 3054 trama
281 2989 529 3076 Numburpensi
546 3013 581 3075 p.
600 2989 733 3054 12-18.
757 2987 833 3070 vuit,
856 2988 1055 3053 Auentinum
1078 2988 1124 3051 ud
1139 2990 1281 3055 annales

160 3075 280 3140 Boicos
313 3075 562 3139 conscribendos
595 3075 704 3139 codice
741 3082 862 3152 nostro,
896 3095 988 3158 quem
1018 3075 1057 3136 iu
1089 3072 1281 3138 bibliotbeca

160 3157 208 3224 St.
224 3160 424 3224 Idmmerami
444 3181 480 3222 re
529 3160 653 3237 crisset,
675 3179 770 3220 usum
792 3178 868 3220 esse.
905 3156 1010 3241 Atque
1032 3156 1161 3242 quidem
1182 3179 1282 3221 usum

158 3264 224 3308 esse
247 3266 319 3307 eum
341 3253 453 3307 nostro
475 3181 557 3305 ibbo-0
579 3241 700 3325 nepari
721 3263 788 3304 non
805 3248 921 3324 potest,
946 3261 1020 3303 eum
1042 3237 1159 3323 afferat
1181 3242 1282 3305 verba

159 3329 322 3413 quaedam
343 3348 360 3388 e
381 3327 488 3409 capite
510 3324 559 3388 19.
581 3324 660 3388 libri
681 3324 726 3387 II.
750 3332 881 3408 sumpta
903 3332 1025 3388 etcum
1047 3323 1188 3407 quodam
1209 3324 1280 3390 loco

158 3415 294 3475 eundem
315 3432 424 3473 rerum
440 3408 730 3472 describendarum
745 3407 893 3472 ordinem
915 3416 1083 3490 sequatur,
1106 3408 1165 3491 qui
1185 3408 1282 3474 uobis

159 3516 233 3577 cap.
249 3493 300 3557 28.
324 3493 485 3573 occurrit,·
508 3493 565 3554 sed
579 3493 637 3557 boc
652 3513 778 3575 semper
799 3491 933 3554 dubium
955 3491 1026 3569 erit,
1050 3512 1094 3553 an
1109 3489 1281 3556 editionem

161 3577 298 3640 Hutteni
318 3577 409 3661 typis
430 3577 629 3659 enscriptam
650 3577 688 3639 in
710 3575 862 3639 manibus
885 3574 1043 3638 babuerit.
1091 3570 1183 3646 Quae
1206 3599 1281 3642 cum

160 3682 266 3723 mense
289 3661 413 3724 Martio
444 3661 529 3722 anni
556 3658 647 3724 1520.
677 3661 766 3745 typis
794 3661 961 3742 suscripta
983 3659 1148 3740 sitneque
1174 3659 1282 3724 Aren-

160 3744 250 3806 tinus
280 3752 354 3806 ante
382 3740 503 3806 Iulium
528 3766 668 3808 mensem
699 3744 785 3806 anai
814 3742 904 3805 1521.
935 3742 1077 3825 quinque
1107 3743 1282 3822 prioribus

161 3828 269 3910 operis
284 3830 340 3891 sui
352 3826 446 3891 libris
461 3836 636 3892 entremam
650 3849 784 3891 manum
798 3825 1000 3908 imposuerit,
1013 3845 1079 3886 non
1095 3830 1281 3892 necessario

159 3911 316 3994 sequitur,
342 3919 379 3975 ut
404 3911 566 3976 Auentino
592 3912 690 3978 editio
713 3910 851 3973 Hutteni
880 3909 997 3994 ipnota
1012 3907 1132 3990 fuerit.
1187 3905 1281 3980 Quas

160 3992 248 4057 alias
283 4017 403 4060 causas
438 3995 558 4060 Euald
593 3998 631 4061 in
667 3993 895 4059 dissertatione
931 4013 994 4055 sua
1026 3988 1130 4074 affert,
1162 3992 1283 4074 quibus

155 4180 190 4248 Λι)
206 4183 268 4306 aug.
289 4185 358 4308 did
383 4169 450 4248 148'3
480 4161 514 4236 ef.
546 4186 673 4252 Boaking
697 4184 720 4234 1.
748 4181 805 4233 ind.
833 4199 861 4249 p.
887 4179 930 4235 es.
1031 4178 1060 4242 2)
1093 4178 1213 4229 ‘Hutten’
1242 4181 1284 4247 11,

159 4272 186 4324 p.
263 4293 270 4310 .
346 4295 352 4309 .
